%% This BibTeX bibliography file was created using BibDesk.
%% http://bibdesk.sourceforge.net/


%% Created for Daniel Weibel at 2014-03-20 21:14:01 +0100 


%% Saved with string encoding Unicode (UTF-8) 



@mastersthesis{goettel_bsc,
	Author = {Goettel, Christian},
	Date-Added = {2014-03-20 20:05:43 +0000},
	Date-Modified = {2014-03-20 20:07:48 +0000},
	Month = {November},
	School = {University of Fribourg, Switzerland},
	Title = {Implementation of an Algorithm for B{\"u}chi Complementation},
	Year = {2013},
	Bdsk-File-1 = {YnBsaXN0MDDUAQIDBAUGJCVYJHZlcnNpb25YJG9iamVjdHNZJGFyY2hpdmVyVCR0b3ASAAGGoKgHCBMUFRYaIVUkbnVsbNMJCgsMDxJXTlMua2V5c1pOUy5vYmplY3RzViRjbGFzc6INDoACgAOiEBGABIAFgAdccmVsYXRpdmVQYXRoWWFsaWFzRGF0YV8QG3BkZi8yMDEzX2dvZXR0ZWxfdGhlc2lzLnBkZtIXCxgZV05TLmRhdGFPEQGyAAAAAAGyAAIAAAxNYWNpbnRvc2ggSEQAAAAAAAAAAAAAAAAAAADOFE0ySCsAAAB7G8cXMjAxM19nb2V0dGVsX3RoZXNpcy5wZGYAAAAAAAAAAAAAAAAAAAAAAAAAAAAAAAAAAAAAAAAAAAAAAAAAAAAAAHsVic6uv9oAAAAAAAAAAAABAAMAAAkgAAAAAAAAAAAAAAAAAAAAA3BkZgAAEAAIAADOFDESAAAAEQAIAADOrrHKAAAAAQAUAHsbxwB6U3gABcD+AAXAkAACEikAAgBFTWFjaW50b3NoIEhEOlVzZXJzOgBkdzoARGVza3RvcDoAdGhlc2lzOgBwZGY6ADIwMTNfZ29ldHRlbF90aGVzaXMucGRmAAAOADAAFwAyADAAMQAzAF8AZwBvAGUAdAB0AGUAbABfAHQAaABlAHMAaQBzAC4AcABkAGYADwAaAAwATQBhAGMAaQBuAHQAbwBzAGgAIABIAEQAEgAzVXNlcnMvZHcvRGVza3RvcC90aGVzaXMvcGRmLzIwMTNfZ29ldHRlbF90aGVzaXMucGRmAAATAAEvAAAVAAIACf//AACABtIbHB0eWiRjbGFzc25hbWVYJGNsYXNzZXNdTlNNdXRhYmxlRGF0YaMdHyBWTlNEYXRhWE5TT2JqZWN00hscIiNcTlNEaWN0aW9uYXJ5oiIgXxAPTlNLZXllZEFyY2hpdmVy0SYnVHJvb3SAAQAIABEAGgAjAC0AMgA3AEAARgBNAFUAYABnAGoAbABuAHEAcwB1AHcAhACOAKwAsQC5Am8CcQJ2AoECigKYApwCowKsArECvgLBAtMC1gLbAAAAAAAAAgEAAAAAAAAAKAAAAAAAAAAAAAAAAAAAAt0=},
	Bdsk-File-2 = {YnBsaXN0MDDUAQIDBAUGJCVYJHZlcnNpb25YJG9iamVjdHNZJGFyY2hpdmVyVCR0b3ASAAGGoKgHCBMUFRYaIVUkbnVsbNMJCgsMDxJXTlMua2V5c1pOUy5vYmplY3RzViRjbGFzc6INDoACgAOiEBGABIAFgAdccmVsYXRpdmVQYXRoWWFsaWFzRGF0YV8QIXBkZi8yMDEzX2dvZXR0ZWxfcHJlc2VudGF0aW9uLnBkZtIXCxgZV05TLmRhdGFPEQHKAAAAAAHKAAIAAAxNYWNpbnRvc2ggSEQAAAAAAAAAAAAAAAAAAADOFE0ySCsAAAB7G8cdMjAxM19nb2V0dGVsX3ByZXNlbnRhdGlvbi5wZGYAAAAAAAAAAAAAAAAAAAAAAAAAAAAAAAAAAAAAAAAAAAAAAHM/786n47QAAAAAAAAAAAABAAMAAAkgAAAAAAAAAAAAAAAAAAAAA3BkZgAAEAAIAADOFDESAAAAEQAIAADOp9WkAAAAAQAUAHsbxwB6U3gABcD+AAXAkAACEikAAgBLTWFjaW50b3NoIEhEOlVzZXJzOgBkdzoARGVza3RvcDoAdGhlc2lzOgBwZGY6ADIwMTNfZ29ldHRlbF9wcmVzZW50YXRpb24ucGRmAAAOADwAHQAyADAAMQAzAF8AZwBvAGUAdAB0AGUAbABfAHAAcgBlAHMAZQBuAHQAYQB0AGkAbwBuAC4AcABkAGYADwAaAAwATQBhAGMAaQBuAHQAbwBzAGgAIABIAEQAEgA5VXNlcnMvZHcvRGVza3RvcC90aGVzaXMvcGRmLzIwMTNfZ29ldHRlbF9wcmVzZW50YXRpb24ucGRmAAATAAEvAAAVAAIACf//AACABtIbHB0eWiRjbGFzc25hbWVYJGNsYXNzZXNdTlNNdXRhYmxlRGF0YaMdHyBWTlNEYXRhWE5TT2JqZWN00hscIiNcTlNEaWN0aW9uYXJ5oiIgXxAPTlNLZXllZEFyY2hpdmVy0SYnVHJvb3SAAQAIABEAGgAjAC0AMgA3AEAARgBNAFUAYABnAGoAbABuAHEAcwB1AHcAhACOALIAtwC/Ao0CjwKUAp8CqAK2AroCwQLKAs8C3ALfAvEC9AL5AAAAAAAAAgEAAAAAAAAAKAAAAAAAAAAAAAAAAAAAAvs=}}

@book{hopcroft_motwani_ullman,
	Author = {Hopcroft, John E. and Motwani, Rajeev and Ullman, Jeffrey D.},
	Date-Added = {2014-03-20 20:00:54 +0000},
	Date-Modified = {2014-03-20 20:04:15 +0000},
	Edition = {2},
	Publisher = {Addison-Wesley},
	Title = {Introduction to Automata Theory, Languages, and Computation},
	Year = {2001},
	Bdsk-File-1 = {YnBsaXN0MDDUAQIDBAUGJCVYJHZlcnNpb25YJG9iamVjdHNZJGFyY2hpdmVyVCR0b3ASAAGGoKgHCBMUFRYaIVUkbnVsbNMJCgsMDxJXTlMua2V5c1pOUy5vYmplY3RzViRjbGFzc6INDoACgAOiEBGABIAFgAdccmVsYXRpdmVQYXRoWWFsaWFzRGF0YV8QJHBkZi8yMDAxX21vdHdhbmlfaG9wY3JvZnRfdWxsbWFuLnBkZtIXCxgZV05TLmRhdGFPEQHUAAAAAAHUAAIAAAxNYWNpbnRvc2ggSEQAAAAAAAAAAAAAAAAAAADOFE0ySCsAAAB7G8cfMjAwMV9tb3R3YW5pX2hvcGNyb2YjN0IxNkFCLnBkZgAAAAAAAAAAAAAAAAAAAAAAAAAAAAAAAAAAAAAAAAAAAHsWq89Q/ZQAAAAAAAAAAAABAAMAAAkgAAAAAAAAAAAAAAAAAAAAA3BkZgAAEAAIAADOFDESAAAAEQAIAADPUO+EAAAAAQAUAHsbxwB6U3gABcD+AAXAkAACEikAAgBNTWFjaW50b3NoIEhEOlVzZXJzOgBkdzoARGVza3RvcDoAdGhlc2lzOgBwZGY6ADIwMDFfbW90d2FuaV9ob3Bjcm9mIzdCMTZBQi5wZGYAAA4AQgAgADIAMAAwADEAXwBtAG8AdAB3AGEAbgBpAF8AaABvAHAAYwByAG8AZgB0AF8AdQBsAGwAbQBhAG4ALgBwAGQAZgAPABoADABNAGEAYwBpAG4AdABvAHMAaAAgAEgARAASADxVc2Vycy9kdy9EZXNrdG9wL3RoZXNpcy9wZGYvMjAwMV9tb3R3YW5pX2hvcGNyb2Z0X3VsbG1hbi5wZGYAEwABLwAAFQACAAn//wAAgAbSGxwdHlokY2xhc3NuYW1lWCRjbGFzc2VzXU5TTXV0YWJsZURhdGGjHR8gVk5TRGF0YVhOU09iamVjdNIbHCIjXE5TRGljdGlvbmFyeaIiIF8QD05TS2V5ZWRBcmNoaXZlctEmJ1Ryb290gAEACAARABoAIwAtADIANwBAAEYATQBVAGAAZwBqAGwAbgBxAHMAdQB3AIQAjgC1ALoAwgKaApwCoQKsArUCwwLHAs4C1wLcAukC7AL+AwEDBgAAAAAAAAIBAAAAAAAAACgAAAAAAAAAAAAAAAAAAAMI}}

@book{sipser,
	Author = {Sipser, Michael},
	Date-Added = {2014-03-20 19:59:39 +0000},
	Date-Modified = {2014-03-20 20:00:45 +0000},
	Edition = {3},
	Publisher = {Cengage Learning},
	Title = {Introduction to the Theory of Computation},
	Year = {2012},
	Bdsk-File-1 = {YnBsaXN0MDDUAQIDBAUGJCVYJHZlcnNpb25YJG9iamVjdHNZJGFyY2hpdmVyVCR0b3ASAAGGoKgHCBMUFRYaIVUkbnVsbNMJCgsMDxJXTlMua2V5c1pOUy5vYmplY3RzViRjbGFzc6INDoACgAOiEBGABIAFgAdccmVsYXRpdmVQYXRoWWFsaWFzRGF0YV8QE3BkZi8yMDEyX3NpcHNlci5wZGbSFwsYGVdOUy5kYXRhTxEBkgAAAAABkgACAAAMTWFjaW50b3NoIEhEAAAAAAAAAAAAAAAAAAAAzhRNMkgrAAAAexvHDzIwMTJfc2lwc2VyLnBkZgAAAAAAAAAAAAAAAAAAAAAAAAAAAAAAAAAAAAAAAAAAAAAAAAAAAAAAAAAAAAAAAABzrP7PR7HoAAAAAAAAAAAAAQADAAAJIAAAAAAAAAAAAAAAAAAAAANwZGYAABAACAAAzhQxEgAAABEACAAAz0ej2AAAAAEAFAB7G8cAelN4AAXA/gAFwJAAAhIpAAIAPU1hY2ludG9zaCBIRDpVc2VyczoAZHc6AERlc2t0b3A6AHRoZXNpczoAcGRmOgAyMDEyX3NpcHNlci5wZGYAAA4AIAAPADIAMAAxADIAXwBzAGkAcABzAGUAcgAuAHAAZABmAA8AGgAMAE0AYQBjAGkAbgB0AG8AcwBoACAASABEABIAK1VzZXJzL2R3L0Rlc2t0b3AvdGhlc2lzL3BkZi8yMDEyX3NpcHNlci5wZGYAABMAAS8AABUAAgAJ//8AAIAG0hscHR5aJGNsYXNzbmFtZVgkY2xhc3Nlc11OU011dGFibGVEYXRhox0fIFZOU0RhdGFYTlNPYmplY3TSGxwiI1xOU0RpY3Rpb25hcnmiIiBfEA9OU0tleWVkQXJjaGl2ZXLRJidUcm9vdIABAAgAEQAaACMALQAyADcAQABGAE0AVQBgAGcAagBsAG4AcQBzAHUAdwCEAI4ApACpALECRwJJAk4CWQJiAnACdAJ7AoQCiQKWApkCqwKuArMAAAAAAAACAQAAAAAAAAAoAAAAAAAAAAAAAAAAAAACtQ==}}

@incollection{thomas1990automata,
	Author = {Thomas, Wolfgang},
	Booktitle = {Handbook of Theoretical Computer Science, Volume B: Formal Models and Semantics},
	Chapter = {4},
	Date-Added = {2014-03-20 19:49:49 +0000},
	Date-Modified = {2014-03-20 19:56:02 +0000},
	Editor = {Van Leeuwen, Jan},
	Pages = {134--191},
	Publisher = {MIT Press},
	Title = {Automata on Infinite Objects},
	Year = {1990},
	Bdsk-File-1 = {YnBsaXN0MDDUAQIDBAUGJCVYJHZlcnNpb25YJG9iamVjdHNZJGFyY2hpdmVyVCR0b3ASAAGGoKgHCBMUFRYaIVUkbnVsbNMJCgsMDxJXTlMua2V5c1pOUy5vYmplY3RzViRjbGFzc6INDoACgAOiEBGABIAFgAdccmVsYXRpdmVQYXRoWWFsaWFzRGF0YV8QLXBkZi8xOTkwX3Rob21hc19hdXRvbWF0YV9pbmZpbml0ZV9vYmplY3RzLnBkZtIXCxgZV05TLmRhdGFPEQHwAAAAAAHwAAIAAAxNYWNpbnRvc2ggSEQAAAAAAAAAAAAAAAAAAADOFE0ySCsAAAB7G8cfMTk5MF90aG9tYXNfYXV0b21hdGEjN0IxODAyLnBkZgAAAAAAAAAAAAAAAAAAAAAAAAAAAAAAAAAAAAAAAAAAAHsYAs9RA1cAAAAAAAAAAAABAAMAAAkgAAAAAAAAAAAAAAAAAAAAA3BkZgAAEAAIAADOFDESAAAAEQAIAADPUPVHAAAAAQAUAHsbxwB6U3gABcD+AAXAkAACEikAAgBNTWFjaW50b3NoIEhEOlVzZXJzOgBkdzoARGVza3RvcDoAdGhlc2lzOgBwZGY6ADE5OTBfdGhvbWFzX2F1dG9tYXRhIzdCMTgwMi5wZGYAAA4AVAApADEAOQA5ADAAXwB0AGgAbwBtAGEAcwBfAGEAdQB0AG8AbQBhAHQAYQBfAGkAbgBmAGkAbgBpAHQAZQBfAG8AYgBqAGUAYwB0AHMALgBwAGQAZgAPABoADABNAGEAYwBpAG4AdABvAHMAaAAgAEgARAASAEVVc2Vycy9kdy9EZXNrdG9wL3RoZXNpcy9wZGYvMTk5MF90aG9tYXNfYXV0b21hdGFfaW5maW5pdGVfb2JqZWN0cy5wZGYAABMAAS8AABUAAgAJ//8AAIAG0hscHR5aJGNsYXNzbmFtZVgkY2xhc3Nlc11OU011dGFibGVEYXRhox0fIFZOU0RhdGFYTlNPYmplY3TSGxwiI1xOU0RpY3Rpb25hcnmiIiBfEA9OU0tleWVkQXJjaGl2ZXLRJidUcm9vdIABAAgAEQAaACMALQAyADcAQABGAE0AVQBgAGcAagBsAG4AcQBzAHUAdwCEAI4AvgDDAMsCvwLBAsYC0QLaAugC7ALzAvwDAQMOAxEDIwMmAysAAAAAAAACAQAAAAAAAAAoAAAAAAAAAAAAAAAAAAADLQ==}}
