%% This BibTeX bibliography file was created using BibDesk.
%% http://bibdesk.sourceforge.net/


%% Created for Daniel Weibel at 2015-06-30 00:24:39 +0200 


%% Saved with string encoding Unicode (UTF-8) 



@incollection{2013_goal,
	Author = {Tsai, Ming-Hsien and Tsay, Yih-Kuen and Hwang, Yu-Shiang},
	Booktitle = {Computer Aided Verification},
	Date-Added = {2015-06-15 14:59:56 +0000},
	Date-Modified = {2015-06-15 15:01:51 +0000},
	Doi = {10.1007/978-3-642-39799-8_62},
	Editor = {Sharygina, Natasha and Veith, Helmut},
	Isbn = {978-3-642-39798-1},
	Keywords = {GOAL},
	Language = {English},
	Pages = {883-889},
	Publisher = {Springer Berlin Heidelberg},
	Series = {Lecture Notes in Computer Science},
	Title = {GOAL for Games, Omega-Automata, and Logics},
	Url = {http://dx.doi.org/10.1007/978-3-642-39799-8_62},
	Volume = {8044},
	Year = {2013},
	Bdsk-Url-1 = {http://dx.doi.org/10.1007/978-3-642-39799-8_62}}

@article{2009_goal,
	Author = {Tsay, Yih-Kuen and Chen, Yu-Fang and Tsai, Ming-Hsien and Wu, Kang-Nien and Chan, Wen-Chin and Luo, Chi-Jian and Chang, Jinn-Shu},
	Date-Added = {2015-06-15 14:59:56 +0000},
	Date-Modified = {2015-06-15 15:02:00 +0000},
	Doi = {10.1007/s00165-008-0091-6},
	Issn = {0934-5043},
	Journal = {Formal Aspects of Computing},
	Keywords = {GOAL},
	Language = {English},
	Number = {3},
	Pages = {259-275},
	Publisher = {Springer-Verlag},
	Title = {Tool support for learning B{\"u}chi automata and linear temporal logic},
	Url = {http://dx.doi.org/10.1007/s00165-008-0091-6},
	Volume = {21},
	Year = {2009},
	Bdsk-File-1 = {YnBsaXN0MDDUAQIDBAUGJCVYJHZlcnNpb25YJG9iamVjdHNZJGFyY2hpdmVyVCR0b3ASAAGGoKgHCBMUFRYaIVUkbnVsbNMJCgsMDxJXTlMua2V5c1pOUy5vYmplY3RzViRjbGFzc6INDoACgAOiEBGABIAFgAdccmVsYXRpdmVQYXRoWWFsaWFzRGF0YV8QEXBkZi8yMDA5X2dvYWwucGRm0hcLGBlXTlMuZGF0YU8RAZYAAAAAAZYAAgAADE1hY2ludG9zaCBIRAAAAAAAAAAAAAAAAAAAAM4UTTJIKwAAASBK6A0yMDA5X2dvYWwucGRmAAAAAAAAAAAAAAAAAAAAAAAAAAAAAAAAAAAAAAAAAAAAAAAAAAAAAAAAAAAAAAAAAAABne030aS1+QAAAAAAAAAAAAEAAwAACSAAAAAAAAAAAAAAAAAAAAADcGRmAAAQAAgAAM4UMRIAAAARAAgAANGkmdkAAAABABgBIEroAHs03wB6U3gABcD+AAXAkAACEikAAgBATWFjaW50b3NoIEhEOlVzZXJzOgBkdzoARGVza3RvcDoAdGhlc2lzOgBiaWI6AHBkZjoAMjAwOV9nb2FsLnBkZgAOABwADQAyADAAMAA5AF8AZwBvAGEAbAAuAHAAZABmAA8AGgAMAE0AYQBjAGkAbgB0AG8AcwBoACAASABEABIALVVzZXJzL2R3L0Rlc2t0b3AvdGhlc2lzL2JpYi9wZGYvMjAwOV9nb2FsLnBkZgAAEwABLwAAFQACAAn//wAAgAbSGxwdHlokY2xhc3NuYW1lWCRjbGFzc2VzXU5TTXV0YWJsZURhdGGjHR8gVk5TRGF0YVhOU09iamVjdNIbHCIjXE5TRGljdGlvbmFyeaIiIF8QD05TS2V5ZWRBcmNoaXZlctEmJ1Ryb290gAEACAARABoAIwAtADIANwBAAEYATQBVAGAAZwBqAGwAbgBxAHMAdQB3AIQAjgCiAKcArwJJAksCUAJbAmQCcgJ2An0ChgKLApgCmwKtArACtQAAAAAAAAIBAAAAAAAAACgAAAAAAAAAAAAAAAAAAAK3}}

@incollection{1997_mateescu,
	Annote = {Chapter 1 of the Handbook of Formal Languages (Volume 1) of 1997. Includes the Preface to the Handbook of Formal Languages.

Tries to show the link between natural languages and formal languges. Basic facts of formal languages nicely presented.

Very interesint until (including) Section 2.1},
	Author = {Mateescu, Alexandru and Salomaa, Arto},
	Booktitle = {Handbook of Formal Languages, Vol 1 Word, Language, Grammar},
	Date-Added = {2014-12-09 16:54:27 +0000},
	Date-Modified = {2014-12-09 17:25:46 +0000},
	Doi = {10.1007/978-3-642-59136-5_1},
	Editor = {Rozenberg, Grzegorz and Salomaa, Arto},
	Isbn = {978-3-642-63863-3},
	Keywords = {Basics},
	Language = {English},
	Pages = {1-39},
	Publisher = {Springer Berlin Heidelberg},
	Title = {Formal Languages: an Introduction and a Synopsis},
	Url = {http://dx.doi.org/10.1007/978-3-642-59136-5_1},
	Year = {1997},
	Bdsk-File-1 = {YnBsaXN0MDDUAQIDBAUGJCVYJHZlcnNpb25YJG9iamVjdHNZJGFyY2hpdmVyVCR0b3ASAAGGoKgHCBMUFRYaIVUkbnVsbNMJCgsMDxJXTlMua2V5c1pOUy5vYmplY3RzViRjbGFzc6INDoACgAOiEBGABIAFgAdccmVsYXRpdmVQYXRoWWFsaWFzRGF0YV8QFXBkZi8xOTk3X21hdGVlc2N1LnBkZtIXCxgZV05TLmRhdGFPEQGmAAAAAAGmAAIAAAxNYWNpbnRvc2ggSEQAAAAAAAAAAAAAAAAAAADOFE0ySCsAAAEgSugRMTk5N19tYXRlZXNjdS5wZGYAAAAAAAAAAAAAAAAAAAAAAAAAAAAAAAAAAAAAAAAAAAAAAAAAAAAAAAAAAAAAATjavdCs53EAAAAAAAAAAAABAAMAAAkgAAAAAAAAAAAAAAAAAAAAA3BkZgAAEAAIAADOFDESAAAAEQAIAADQrNlhAAAAAQAYASBK6AB7NN8AelN4AAXA/gAFwJAAAhIpAAIARE1hY2ludG9zaCBIRDpVc2VyczoAZHc6AERlc2t0b3A6AHRoZXNpczoAYmliOgBwZGY6ADE5OTdfbWF0ZWVzY3UucGRmAA4AJAARADEAOQA5ADcAXwBtAGEAdABlAGUAcwBjAHUALgBwAGQAZgAPABoADABNAGEAYwBpAG4AdABvAHMAaAAgAEgARAASADFVc2Vycy9kdy9EZXNrdG9wL3RoZXNpcy9iaWIvcGRmLzE5OTdfbWF0ZWVzY3UucGRmAAATAAEvAAAVAAIACf//AACABtIbHB0eWiRjbGFzc25hbWVYJGNsYXNzZXNdTlNNdXRhYmxlRGF0YaMdHyBWTlNEYXRhWE5TT2JqZWN00hscIiNcTlNEaWN0aW9uYXJ5oiIgXxAPTlNLZXllZEFyY2hpdmVy0SYnVHJvb3SAAQAIABEAGgAjAC0AMgA3AEAARgBNAFUAYABnAGoAbABuAHEAcwB1AHcAhACOAKYAqwCzAl0CXwJkAm8CeAKGAooCkQKaAp8CrAKvAsECxALJAAAAAAAAAgEAAAAAAAAAKAAAAAAAAAAAAAAAAAAAAss=}}

@incollection{1996_thomas,
	Annote = {Technical report, but a modified version of this report is the Chapter 7 of the Handbook of Formal Languages (Volume 3) from 1997.

Many basic proofs in Section 5.

Michel automata, p. 38 unten
(Michel's original paper is not available)	},
	Author = {Thomas, Wolfgang},
	Booktitle = {Handbook of Formal Languages},
	Date-Added = {2014-12-09 05:29:29 +0000},
	Date-Modified = {2015-06-15 11:58:05 +0000},
	Doi = {10.1007/978-3-642-59126-6_7},
	Editor = {Rozenberg, Grzegorz and Salomaa, Arto},
	Isbn = {978-3-642-63859-6},
	Keywords = {Proof},
	Language = {English},
	Pages = {389-455},
	Publisher = {Springer Berlin Heidelberg},
	Title = {Languages, Automata, and Logic},
	Url = {http://dx.doi.org/10.1007/978-3-642-59126-6_7},
	Year = {1997},
	Bdsk-File-1 = {YnBsaXN0MDDUAQIDBAUGJCVYJHZlcnNpb25YJG9iamVjdHNZJGFyY2hpdmVyVCR0b3ASAAGGoKgHCBMUFRYaIVUkbnVsbNMJCgsMDxJXTlMua2V5c1pOUy5vYmplY3RzViRjbGFzc6INDoACgAOiEBGABIAFgAdccmVsYXRpdmVQYXRoWWFsaWFzRGF0YV8QE3BkZi8xOTk3X3Rob21hcy5wZGbSFwsYGVdOUy5kYXRhTxEBngAAAAABngACAAAMTWFjaW50b3NoIEhEAAAAAAAAAAAAAAAAAAAAzhRNMkgrAAABIEroDzE5OTdfdGhvbWFzLnBkZgAAAAAAAAAAAAAAAAAAAAAAAAAAAAAAAAAAAAAAAAAAAAAAAAAAAAAAAAAAAAAAAAGcCvPQrPo2AAAAAAAAAAAAAQADAAAJIAAAAAAAAAAAAAAAAAAAAANwZGYAABAACAAAzhQxEgAAABEACAAA0KzsJgAAAAEAGAEgSugAezTfAHpTeAAFwP4ABcCQAAISKQACAEJNYWNpbnRvc2ggSEQ6VXNlcnM6AGR3OgBEZXNrdG9wOgB0aGVzaXM6AGJpYjoAcGRmOgAxOTk3X3Rob21hcy5wZGYADgAgAA8AMQA5ADkANwBfAHQAaABvAG0AYQBzAC4AcABkAGYADwAaAAwATQBhAGMAaQBuAHQAbwBzAGgAIABIAEQAEgAvVXNlcnMvZHcvRGVza3RvcC90aGVzaXMvYmliL3BkZi8xOTk3X3Rob21hcy5wZGYAABMAAS8AABUAAgAJ//8AAIAG0hscHR5aJGNsYXNzbmFtZVgkY2xhc3Nlc11OU011dGFibGVEYXRhox0fIFZOU0RhdGFYTlNPYmplY3TSGxwiI1xOU0RpY3Rpb25hcnmiIiBfEA9OU0tleWVkQXJjaGl2ZXLRJidUcm9vdIABAAgAEQAaACMALQAyADcAQABGAE0AVQBgAGcAagBsAG4AcQBzAHUAdwCEAI4ApACpALECUwJVAloCZQJuAnwCgAKHApAClQKiAqUCtwK6Ar8AAAAAAAACAQAAAAAAAAAoAAAAAAAAAAAAAAAAAAACwQ==}}

@misc{2013_bsc_goettel,
	Author = {G{\"o}ttel, Christian},
	Date-Added = {2014-11-27 11:13:16 +0000},
	Date-Modified = {2014-11-27 11:16:22 +0000},
	Howpublished = {BSc Thesis, University of Fribourg, Switzerland},
	Keywords = {Construction, Slice-based},
	Month = {November},
	Title = {Implementation of an Algorithm for B{\"u}chi Complementation},
	Year = {2013},
	Bdsk-File-1 = {YnBsaXN0MDDUAQIDBAUGJCVYJHZlcnNpb25YJG9iamVjdHNZJGFyY2hpdmVyVCR0b3ASAAGGoKgHCBMUFRYaIVUkbnVsbNMJCgsMDxJXTlMua2V5c1pOUy5vYmplY3RzViRjbGFzc6INDoACgAOiEBGABIAFgAdccmVsYXRpdmVQYXRoWWFsaWFzRGF0YV8QGHBkZi8yMDEzX2dvZXR0ZWxfYnNjLnBkZtIXCxgZV05TLmRhdGFPEQGyAAAAAAGyAAIAAAxNYWNpbnRvc2ggSEQAAAAAAAAAAAAAAAAAAADOFE0ySCsAAAEgSugUMjAxM19nb2V0dGVsX2JzYy5wZGYAAAAAAAAAAAAAAAAAAAAAAAAAAAAAAAAAAAAAAAAAAAAAAAAAAAAAAAAAAZwKzs6uv9oAAAAAAAAAAAABAAMAAAkgAAAAAAAAAAAAAAAAAAAAA3BkZgAAEAAIAADOFDESAAAAEQAIAADOrrHKAAAAAQAYASBK6AB7NN8AelN4AAXA/gAFwJAAAhIpAAIAR01hY2ludG9zaCBIRDpVc2VyczoAZHc6AERlc2t0b3A6AHRoZXNpczoAYmliOgBwZGY6ADIwMTNfZ29ldHRlbF9ic2MucGRmAAAOACoAFAAyADAAMQAzAF8AZwBvAGUAdAB0AGUAbABfAGIAcwBjAC4AcABkAGYADwAaAAwATQBhAGMAaQBuAHQAbwBzAGgAIABIAEQAEgA0VXNlcnMvZHcvRGVza3RvcC90aGVzaXMvYmliL3BkZi8yMDEzX2dvZXR0ZWxfYnNjLnBkZgATAAEvAAAVAAIACf//AACABtIbHB0eWiRjbGFzc25hbWVYJGNsYXNzZXNdTlNNdXRhYmxlRGF0YaMdHyBWTlNEYXRhWE5TT2JqZWN00hscIiNcTlNEaWN0aW9uYXJ5oiIgXxAPTlNLZXllZEFyY2hpdmVy0SYnVHJvb3SAAQAIABEAGgAjAC0AMgA3AEAARgBNAFUAYABnAGoAbABuAHEAcwB1AHcAhACOAKkArgC2AmwCbgJzAn4ChwKVApkCoAKpAq4CuwK+AtAC0wLYAAAAAAAAAgEAAAAAAAAAKAAAAAAAAAAAAAAAAAAAAto=},
	Bdsk-File-2 = {YnBsaXN0MDDUAQIDBAUGJCVYJHZlcnNpb25YJG9iamVjdHNZJGFyY2hpdmVyVCR0b3ASAAGGoKgHCBMUFRYaIVUkbnVsbNMJCgsMDxJXTlMua2V5c1pOUy5vYmplY3RzViRjbGFzc6INDoACgAOiEBGABIAFgAdccmVsYXRpdmVQYXRoWWFsaWFzRGF0YV8QJXBkZi8yMDEzX2dvZXR0ZWxfYnNjX3ByZXNlbnRhdGlvbi5wZGbSFwsYGVdOUy5kYXRhTxEB5AAAAAAB5AACAAAMTWFjaW50b3NoIEhEAAAAAAAAAAAAAAAAAAAAzhRNMkgrAAABIEroHzIwMTNfZ29ldHRlbF9ic2NfcHJlI0VFRjNEMy5wZGYAAAAAAAAAAAAAAAAAAAAAAAAAAAAAAAAAAAAAAAAAAADu89POp+O0AAAAAAAAAAAAAQADAAAJIAAAAAAAAAAAAAAAAAAAAANwZGYAABAACAAAzhQxEgAAABEACAAAzqfVpAAAAAEAGAEgSugAezTfAHpTeAAFwP4ABcCQAAISKQACAFJNYWNpbnRvc2ggSEQ6VXNlcnM6AGR3OgBEZXNrdG9wOgB0aGVzaXM6AGJpYjoAcGRmOgAyMDEzX2dvZXR0ZWxfYnNjX3ByZSNFRUYzRDMucGRmAA4ARAAhADIAMAAxADMAXwBnAG8AZQB0AHQAZQBsAF8AYgBzAGMAXwBwAHIAZQBzAGUAbgB0AGEAdABpAG8AbgAuAHAAZABmAA8AGgAMAE0AYQBjAGkAbgB0AG8AcwBoACAASABEABIAQVVzZXJzL2R3L0Rlc2t0b3AvdGhlc2lzL2JpYi9wZGYvMjAxM19nb2V0dGVsX2JzY19wcmVzZW50YXRpb24ucGRmAAATAAEvAAAVAAIACf//AACABtIbHB0eWiRjbGFzc25hbWVYJGNsYXNzZXNdTlNNdXRhYmxlRGF0YaMdHyBWTlNEYXRhWE5TT2JqZWN00hscIiNcTlNEaWN0aW9uYXJ5oiIgXxAPTlNLZXllZEFyY2hpdmVy0SYnVHJvb3SAAQAIABEAGgAjAC0AMgA3AEAARgBNAFUAYABnAGoAbABuAHEAcwB1AHcAhACOALYAuwDDAqsCrQKyAr0CxgLUAtgC3wLoAu0C+gL9Aw8DEgMXAAAAAAAAAgEAAAAAAAAAKAAAAAAAAAAAAAAAAAAAAxk=}}

@incollection{2014_wilke,
	Author = {Wilke, Thomas},
	Booktitle = {Handbook of Automata Theory},
	Date-Added = {2014-11-05 15:31:27 +0000},
	Date-Modified = {2014-11-06 10:23:18 +0000},
	Editor = {Pin, Jean-Eric},
	Keywords = {Chronology, Proof},
	Publisher = {European Mathematical Society},
	Title = {$\omega$-Automata},
	Year = {To appear, 2015},
	Bdsk-File-1 = {YnBsaXN0MDDUAQIDBAUGJCVYJHZlcnNpb25YJG9iamVjdHNZJGFyY2hpdmVyVCR0b3ASAAGGoKgHCBMUFRYaIVUkbnVsbNMJCgsMDxJXTlMua2V5c1pOUy5vYmplY3RzViRjbGFzc6INDoACgAOiEBGABIAFgAdccmVsYXRpdmVQYXRoWWFsaWFzRGF0YV8QEnBkZi8yMDE0X3dpbGtlLnBkZtIXCxgZV05TLmRhdGFPEQGaAAAAAAGaAAIAAAxNYWNpbnRvc2ggSEQAAAAAAAAAAAAAAAAAAADOFE0ySCsAAAEgSugOMjAxNF93aWxrZS5wZGYAAAAAAAAAAAAAAAAAAAAAAAAAAAAAAAAAAAAAAAAAAAAAAAAAAAAAAAAAAAAAAAAAASfHSdB/ISwAAAAAAAAAAAABAAMAAAkgAAAAAAAAAAAAAAAAAAAAA3BkZgAAEAAIAADOFDESAAAAEQAIAADQfxMcAAAAAQAYASBK6AB7NN8AelN4AAXA/gAFwJAAAhIpAAIAQU1hY2ludG9zaCBIRDpVc2VyczoAZHc6AERlc2t0b3A6AHRoZXNpczoAYmliOgBwZGY6ADIwMTRfd2lsa2UucGRmAAAOAB4ADgAyADAAMQA0AF8AdwBpAGwAawBlAC4AcABkAGYADwAaAAwATQBhAGMAaQBuAHQAbwBzAGgAIABIAEQAEgAuVXNlcnMvZHcvRGVza3RvcC90aGVzaXMvYmliL3BkZi8yMDE0X3dpbGtlLnBkZgATAAEvAAAVAAIACf//AACABtIbHB0eWiRjbGFzc25hbWVYJGNsYXNzZXNdTlNNdXRhYmxlRGF0YaMdHyBWTlNEYXRhWE5TT2JqZWN00hscIiNcTlNEaWN0aW9uYXJ5oiIgXxAPTlNLZXllZEFyY2hpdmVy0SYnVHJvb3SAAQAIABEAGgAjAC0AMgA3AEAARgBNAFUAYABnAGoAbABuAHEAcwB1AHcAhACOAKMAqACwAk4CUAJVAmACaQJ3AnsCggKLApACnQKgArICtQK6AAAAAAAAAgEAAAAAAAAAKAAAAAAAAAAAAAAAAAAAArw=}}

@techreport{2014_joel_ulrich,
	Author = {Allred, Joel and Ultes-Nitsche, Ulrich},
	Date-Added = {2014-11-02 19:45:42 +0000},
	Date-Modified = {2014-11-02 19:47:31 +0000},
	Institution = {University of Fribourg, Switzerland},
	Keywords = {Construction, Slice-based},
	Title = {Complementing B{\"u}chi Automata with a Subset-Tuple Construction},
	Year = {2014},
	Bdsk-File-1 = {YnBsaXN0MDDUAQIDBAUGJCVYJHZlcnNpb25YJG9iamVjdHNZJGFyY2hpdmVyVCR0b3ASAAGGoKgHCBMUFRYaIVUkbnVsbNMJCgsMDxJXTlMua2V5c1pOUy5vYmplY3RzViRjbGFzc6INDoACgAOiEBGABIAFgAdccmVsYXRpdmVQYXRoWWFsaWFzRGF0YV8QHXBkZi8yMDE0X2FsbHJlZF9uaXRzY2hlXzIucGRm0hcLGBlXTlMuZGF0YU8RAcYAAAAAAcYAAgAADE1hY2ludG9zaCBIRAAAAAAAAAAAAAAAAAAAAM4UTTJIKwAAASBK6BkyMDE0X2FsbHJlZF9uaXRzY2hlXzIucGRmAAAAAAAAAAAAAAAAAAAAAAAAAAAAAAAAAAAAAAAAAAAAAAAAAAABKhot0JABjgAAAAAAAAAAAAEAAwAACSAAAAAAAAAAAAAAAAAAAAADcGRmAAAQAAgAAM4UMRIAAAARAAgAANCP834AAAABABgBIEroAHs03wB6U3gABcD+AAXAkAACEikAAgBMTWFjaW50b3NoIEhEOlVzZXJzOgBkdzoARGVza3RvcDoAdGhlc2lzOgBiaWI6AHBkZjoAMjAxNF9hbGxyZWRfbml0c2NoZV8yLnBkZgAOADQAGQAyADAAMQA0AF8AYQBsAGwAcgBlAGQAXwBuAGkAdABzAGMAaABlAF8AMgAuAHAAZABmAA8AGgAMAE0AYQBjAGkAbgB0AG8AcwBoACAASABEABIAOVVzZXJzL2R3L0Rlc2t0b3AvdGhlc2lzL2JpYi9wZGYvMjAxNF9hbGxyZWRfbml0c2NoZV8yLnBkZgAAEwABLwAAFQACAAn//wAAgAbSGxwdHlokY2xhc3NuYW1lWCRjbGFzc2VzXU5TTXV0YWJsZURhdGGjHR8gVk5TRGF0YVhOU09iamVjdNIbHCIjXE5TRGljdGlvbmFyeaIiIF8QD05TS2V5ZWRBcmNoaXZlctEmJ1Ryb290gAEACAARABoAIwAtADIANwBAAEYATQBVAGAAZwBqAGwAbgBxAHMAdQB3AIQAjgCuALMAuwKFAocCjAKXAqACrgKyArkCwgLHAtQC1wLpAuwC8QAAAAAAAAIBAAAAAAAAACgAAAAAAAAAAAAAAAAAAALz},
	Bdsk-File-2 = {YnBsaXN0MDDUAQIDBAUGJCVYJHZlcnNpb25YJG9iamVjdHNZJGFyY2hpdmVyVCR0b3ASAAGGoKgHCBMUFRYaIVUkbnVsbNMJCgsMDxJXTlMua2V5c1pOUy5vYmplY3RzViRjbGFzc6INDoACgAOiEBGABIAFgAdccmVsYXRpdmVQYXRoWWFsaWFzRGF0YV8QHXBkZi8yMDE0X2FsbHJlZF9uaXRzY2hlXzEucGRm0hcLGBlXTlMuZGF0YU8RAcYAAAAAAcYAAgAADE1hY2ludG9zaCBIRAAAAAAAAAAAAAAAAAAAAM4UTTJIKwAAASBK6BkyMDE0X2FsbHJlZF9uaXRzY2hlXzEucGRmAAAAAAAAAAAAAAAAAAAAAAAAAAAAAAAAAAAAAAAAAAAAAAAAAAABmFp00ZI8JAAAAAAAAAAAAAEAAwAACSAAAAAAAAAAAAAAAAAAAAADcGRmAAAQAAgAAM4UMRIAAAARAAgAANGSIAQAAAABABgBIEroAHs03wB6U3gABcD+AAXAkAACEikAAgBMTWFjaW50b3NoIEhEOlVzZXJzOgBkdzoARGVza3RvcDoAdGhlc2lzOgBiaWI6AHBkZjoAMjAxNF9hbGxyZWRfbml0c2NoZV8xLnBkZgAOADQAGQAyADAAMQA0AF8AYQBsAGwAcgBlAGQAXwBuAGkAdABzAGMAaABlAF8AMQAuAHAAZABmAA8AGgAMAE0AYQBjAGkAbgB0AG8AcwBoACAASABEABIAOVVzZXJzL2R3L0Rlc2t0b3AvdGhlc2lzL2JpYi9wZGYvMjAxNF9hbGxyZWRfbml0c2NoZV8xLnBkZgAAEwABLwAAFQACAAn//wAAgAbSGxwdHlokY2xhc3NuYW1lWCRjbGFzc2VzXU5TTXV0YWJsZURhdGGjHR8gVk5TRGF0YVhOU09iamVjdNIbHCIjXE5TRGljdGlvbmFyeaIiIF8QD05TS2V5ZWRBcmNoaXZlctEmJ1Ryb290gAEACAARABoAIwAtADIANwBAAEYATQBVAGAAZwBqAGwAbgBxAHMAdQB3AIQAjgCuALMAuwKFAocCjAKXAqACrgKyArkCwgLHAtQC1wLpAuwC8QAAAAAAAAIBAAAAAAAAACgAAAAAAAAAAAAAAAAAAALz}}

@misc{2010_breuers_bsc,
	Author = {Breuers, Stefan},
	Date-Added = {2014-10-25 10:11:25 +0000},
	Date-Modified = {2014-10-25 10:12:59 +0000},
	Howpublished = {Bachelor's thesis, RWTH Aachen},
	Keywords = {Construction, Ramsey-based},
	Month = {October},
	Title = {Optimization and experimental analysis of the algebraic complementation construction for B{\"u}chi automata},
	Year = {2010},
	Bdsk-File-1 = {YnBsaXN0MDDUAQIDBAUGJCVYJHZlcnNpb25YJG9iamVjdHNZJGFyY2hpdmVyVCR0b3ASAAGGoKgHCBMUFRYaIVUkbnVsbNMJCgsMDxJXTlMua2V5c1pOUy5vYmplY3RzViRjbGFzc6INDoACgAOiEBGABIAFgAdccmVsYXRpdmVQYXRoWWFsaWFzRGF0YV8QGHBkZi8yMDEwX2JyZXVlcnNfYnNjLnBkZtIXCxgZV05TLmRhdGFPEQGyAAAAAAGyAAIAAAxNYWNpbnRvc2ggSEQAAAAAAAAAAAAAAAAAAADOFE0ySCsAAAEgSugUMjAxMF9icmV1ZXJzX2JzYy5wZGYAAAAAAAAAAAAAAAAAAAAAAAAAAAAAAAAAAAAAAAAAAAAAAAAAAAAAAAAAASI15NBxQ3QAAAAAAAAAAAABAAMAAAkgAAAAAAAAAAAAAAAAAAAAA3BkZgAAEAAIAADOFDESAAAAEQAIAADQcSdUAAAAAQAYASBK6AB7NN8AelN4AAXA/gAFwJAAAhIpAAIAR01hY2ludG9zaCBIRDpVc2VyczoAZHc6AERlc2t0b3A6AHRoZXNpczoAYmliOgBwZGY6ADIwMTBfYnJldWVyc19ic2MucGRmAAAOACoAFAAyADAAMQAwAF8AYgByAGUAdQBlAHIAcwBfAGIAcwBjAC4AcABkAGYADwAaAAwATQBhAGMAaQBuAHQAbwBzAGgAIABIAEQAEgA0VXNlcnMvZHcvRGVza3RvcC90aGVzaXMvYmliL3BkZi8yMDEwX2JyZXVlcnNfYnNjLnBkZgATAAEvAAAVAAIACf//AACABtIbHB0eWiRjbGFzc25hbWVYJGNsYXNzZXNdTlNNdXRhYmxlRGF0YaMdHyBWTlNEYXRhWE5TT2JqZWN00hscIiNcTlNEaWN0aW9uYXJ5oiIgXxAPTlNLZXllZEFyY2hpdmVy0SYnVHJvb3SAAQAIABEAGgAjAC0AMgA3AEAARgBNAFUAYABnAGoAbABuAHEAcwB1AHcAhACOAKkArgC2AmwCbgJzAn4ChwKVApkCoAKpAq4CuwK+AtAC0wLYAAAAAAAAAgEAAAAAAAAAKAAAAAAAAAAAAAAAAAAAAto=}}

@incollection{1996_vardi,
	Annote = {- Many proofs of omega-automata properties
    - DBW less expressive than NBW, p. 6
    - Why subset-construction does not work for B{\"u}chi automata, p. 7
- Compares the complexities of complementation of NBW and NFA. Both are exponential, but NFA has a linear exponent (2^n) and NBW has a non-linear exponent (2^O(n log n)). The log n factor in the exponent is enough to make B{\"u}chi complementation so hard, p. 8
- Nice explanation of the automata-theoretic approach to model checking},
	Author = {Vardi, MosheY.},
	Booktitle = {Logics for Concurrency},
	Date-Added = {2014-10-24 10:41:51 +0000},
	Date-Modified = {2014-10-24 18:37:22 +0000},
	Doi = {10.1007/3-540-60915-6_6},
	Editor = {Moller, Faron and Birtwistle, Graham},
	Isbn = {978-3-540-60915-5},
	Keywords = {Proof, Model Checking},
	Language = {English},
	Pages = {238-266},
	Publisher = {Springer Berlin Heidelberg},
	Series = {Lecture Notes in Computer Science},
	Title = {An automata-theoretic approach to linear temporal logic},
	Url = {http://dx.doi.org/10.1007/3-540-60915-6_6},
	Volume = {1043},
	Year = {1996},
	Bdsk-File-1 = {YnBsaXN0MDDUAQIDBAUGJCVYJHZlcnNpb25YJG9iamVjdHNZJGFyY2hpdmVyVCR0b3ASAAGGoKgHCBMUFRYaIVUkbnVsbNMJCgsMDxJXTlMua2V5c1pOUy5vYmplY3RzViRjbGFzc6INDoACgAOiEBGABIAFgAdccmVsYXRpdmVQYXRoWWFsaWFzRGF0YV8QEnBkZi8xOTk2X3ZhcmRpLnBkZtIXCxgZV05TLmRhdGFPEQGaAAAAAAGaAAIAAAxNYWNpbnRvc2ggSEQAAAAAAAAAAAAAAAAAAADOFE0ySCsAAAEgSugOMTk5Nl92YXJkaS5wZGYAAAAAAAAAAAAAAAAAAAAAAAAAAAAAAAAAAAAAAAAAAAAAAAAAAAAAAAAAAAAAAAAAASHTVNBv+V8AAAAAAAAAAAABAAMAAAkgAAAAAAAAAAAAAAAAAAAAA3BkZgAAEAAIAADOFDESAAAAEQAIAADQb90/AAAAAQAYASBK6AB7NN8AelN4AAXA/gAFwJAAAhIpAAIAQU1hY2ludG9zaCBIRDpVc2VyczoAZHc6AERlc2t0b3A6AHRoZXNpczoAYmliOgBwZGY6ADE5OTZfdmFyZGkucGRmAAAOAB4ADgAxADkAOQA2AF8AdgBhAHIAZABpAC4AcABkAGYADwAaAAwATQBhAGMAaQBuAHQAbwBzAGgAIABIAEQAEgAuVXNlcnMvZHcvRGVza3RvcC90aGVzaXMvYmliL3BkZi8xOTk2X3ZhcmRpLnBkZgATAAEvAAAVAAIACf//AACABtIbHB0eWiRjbGFzc25hbWVYJGNsYXNzZXNdTlNNdXRhYmxlRGF0YaMdHyBWTlNEYXRhWE5TT2JqZWN00hscIiNcTlNEaWN0aW9uYXJ5oiIgXxAPTlNLZXllZEFyY2hpdmVy0SYnVHJvb3SAAQAIABEAGgAjAC0AMgA3AEAARgBNAFUAYABnAGoAbABuAHEAcwB1AHcAhACOAKMAqACwAk4CUAJVAmACaQJ3AnsCggKLApACnQKgArICtQK6AAAAAAAAAgEAAAAAAAAAKAAAAAAAAAAAAAAAAAAAArw=}}

@article{Streett1982121,
	Annote = {Introduction of Streett automata (according to L{\"o}ding, 1999, and Wilke 2014)},
	Author = {Robert S. Streett},
	Date-Added = {2014-10-23 17:28:15 +0000},
	Date-Modified = {2014-11-05 11:01:52 +0000},
	Doi = {http://dx.doi.org/10.1016/S0019-9958(82)91258-X},
	Issn = {0019-9958},
	Journal = {Information and Control},
	Keywords = {Seminal},
	Number = {1--2},
	Pages = {121 - 141},
	Title = {Propositional dynamic logic of looping and converse is elementarily decidable},
	Url = {http://www.sciencedirect.com/science/article/pii/S001999588291258X},
	Volume = {54},
	Year = {1982},
	Bdsk-File-1 = {YnBsaXN0MDDUAQIDBAUGJCVYJHZlcnNpb25YJG9iamVjdHNZJGFyY2hpdmVyVCR0b3ASAAGGoKgHCBMUFRYaIVUkbnVsbNMJCgsMDxJXTlMua2V5c1pOUy5vYmplY3RzViRjbGFzc6INDoACgAOiEBGABIAFgAdccmVsYXRpdmVQYXRoWWFsaWFzRGF0YV8QFHBkZi8xOTgyX3N0cmVldHQucGRm0hcLGBlXTlMuZGF0YU8RAaIAAAAAAaIAAgAADE1hY2ludG9zaCBIRAAAAAAAAAAAAAAAAAAAAM4UTTJIKwAAASBK6BAxOTgyX3N0cmVldHQucGRmAAAAAAAAAAAAAAAAAAAAAAAAAAAAAAAAAAAAAAAAAAAAAAAAAAAAAAAAAAAAAAABIYtK0G8HNgAAAAAAAAAAAAEAAwAACSAAAAAAAAAAAAAAAAAAAAADcGRmAAAQAAgAAM4UMRIAAAARAAgAANBu6xYAAAABABgBIEroAHs03wB6U3gABcD+AAXAkAACEikAAgBDTWFjaW50b3NoIEhEOlVzZXJzOgBkdzoARGVza3RvcDoAdGhlc2lzOgBiaWI6AHBkZjoAMTk4Ml9zdHJlZXR0LnBkZgAADgAiABAAMQA5ADgAMgBfAHMAdAByAGUAZQB0AHQALgBwAGQAZgAPABoADABNAGEAYwBpAG4AdABvAHMAaAAgAEgARAASADBVc2Vycy9kdy9EZXNrdG9wL3RoZXNpcy9iaWIvcGRmLzE5ODJfc3RyZWV0dC5wZGYAEwABLwAAFQACAAn//wAAgAbSGxwdHlokY2xhc3NuYW1lWCRjbGFzc2VzXU5TTXV0YWJsZURhdGGjHR8gVk5TRGF0YVhOU09iamVjdNIbHCIjXE5TRGljdGlvbmFyeaIiIF8QD05TS2V5ZWRBcmNoaXZlctEmJ1Ryb290gAEACAARABoAIwAtADIANwBAAEYATQBVAGAAZwBqAGwAbgBxAHMAdQB3AIQAjgClAKoAsgJYAloCXwJqAnMCgQKFAowClQKaAqcCqgK8Ar8CxAAAAAAAAAIBAAAAAAAAACgAAAAAAAAAAAAAAAAAAALG}}

@incollection{1985_mostowski,
	Annote = {Introduction of parity automata
(according to the information in L{\"o}ding, 1999, and Wilke, 2014)

Have only two first pages from Springer preview. Full text not accessible.},
	Author = {Mostowski, A.W.},
	Booktitle = {Computation Theory},
	Date-Added = {2014-10-23 17:08:57 +0000},
	Date-Modified = {2014-11-05 11:03:33 +0000},
	Doi = {10.1007/3-540-16066-3_15},
	Editor = {Skowron, Andrzej},
	Isbn = {978-3-540-16066-3},
	Keywords = {Seminal},
	Language = {English},
	Pages = {157-168},
	Publisher = {Springer Berlin Heidelberg},
	Series = {Lecture Notes in Computer Science},
	Title = {Regular expressions for infinite trees and a standard form of automata},
	Url = {http://dx.doi.org/10.1007/3-540-16066-3_15},
	Volume = {208},
	Year = {1985},
	Bdsk-File-1 = {YnBsaXN0MDDUAQIDBAUGJCVYJHZlcnNpb25YJG9iamVjdHNZJGFyY2hpdmVyVCR0b3ASAAGGoKgHCBMUFRYaIVUkbnVsbNMJCgsMDxJXTlMua2V5c1pOUy5vYmplY3RzViRjbGFzc6INDoACgAOiEBGABIAFgAdccmVsYXRpdmVQYXRoWWFsaWFzRGF0YV8QFnBkZi8xOTg1X21vc3Rvd3NraS5wZGbSFwsYGVdOUy5kYXRhTxEBqgAAAAABqgACAAAMTWFjaW50b3NoIEhEAAAAAAAAAAAAAAAAAAAAzhRNMkgrAAABIEroEjE5ODVfbW9zdG93c2tpLnBkZgAAAAAAAAAAAAAAAAAAAAAAAAAAAAAAAAAAAAAAAAAAAAAAAAAAAAAAAAAAAAEhh2/QbwL3AAAAAAAAAAAAAQADAAAJIAAAAAAAAAAAAAAAAAAAAANwZGYAABAACAAAzhQxEgAAABEACAAA0G7m1wAAAAEAGAEgSugAezTfAHpTeAAFwP4ABcCQAAISKQACAEVNYWNpbnRvc2ggSEQ6VXNlcnM6AGR3OgBEZXNrdG9wOgB0aGVzaXM6AGJpYjoAcGRmOgAxOTg1X21vc3Rvd3NraS5wZGYAAA4AJgASADEAOQA4ADUAXwBtAG8AcwB0AG8AdwBzAGsAaQAuAHAAZABmAA8AGgAMAE0AYQBjAGkAbgB0AG8AcwBoACAASABEABIAMlVzZXJzL2R3L0Rlc2t0b3AvdGhlc2lzL2JpYi9wZGYvMTk4NV9tb3N0b3dza2kucGRmABMAAS8AABUAAgAJ//8AAIAG0hscHR5aJGNsYXNzbmFtZVgkY2xhc3Nlc11OU011dGFibGVEYXRhox0fIFZOU0RhdGFYTlNPYmplY3TSGxwiI1xOU0RpY3Rpb25hcnmiIiBfEA9OU0tleWVkQXJjaGl2ZXLRJidUcm9vdIABAAgAEQAaACMALQAyADcAQABGAE0AVQBgAGcAagBsAG4AcQBzAHUAdwCEAI4ApwCsALQCYgJkAmkCdAJ9AosCjwKWAp8CpAKxArQCxgLJAs4AAAAAAAACAQAAAAAAAAAoAAAAAAAAAAAAAAAAAAAC0A==}}

@incollection{1999_thomas,
	Annote = {Non-determinisation and non-Ramsey construction (one of the first). Not sure if it is really a rank-based construction.

NBW --> WAPA (weak alternating parity automaton)
WAPA --> complement WAPA
WAPA --> NBW

Implemented in GOAL as "wapa"},
	Author = {Thomas, Wolfgang},
	Booktitle = {Jewels are Forever},
	Date-Added = {2014-10-22 17:00:39 +0000},
	Date-Modified = {2014-10-22 17:02:42 +0000},
	Doi = {10.1007/978-3-642-60207-8_10},
	Editor = {Karhum{\"a}ki, Juhani and Maurer, Hermann and P{\u a}un, Gheorghe and Rozenberg, Grzegorz},
	Isbn = {978-3-642-64304-0},
	Keywords = {Construction, Rank-based},
	Language = {English},
	Pages = {109-120},
	Publisher = {Springer Berlin Heidelberg},
	Title = {Complementation of B{\"u}chi Automata Revisited},
	Url = {http://dx.doi.org/10.1007/978-3-642-60207-8_10},
	Year = {1999},
	Bdsk-File-1 = {YnBsaXN0MDDUAQIDBAUGJCVYJHZlcnNpb25YJG9iamVjdHNZJGFyY2hpdmVyVCR0b3ASAAGGoKgHCBMUFRYaIVUkbnVsbNMJCgsMDxJXTlMua2V5c1pOUy5vYmplY3RzViRjbGFzc6INDoACgAOiEBGABIAFgAdccmVsYXRpdmVQYXRoWWFsaWFzRGF0YV8QE3BkZi8xOTk5X3Rob21hcy5wZGbSFwsYGVdOUy5kYXRhTxEBngAAAAABngACAAAMTWFjaW50b3NoIEhEAAAAAAAAAAAAAAAAAAAAzhRNMkgrAAABIEroDzE5OTlfdGhvbWFzLnBkZgAAAAAAAAAAAAAAAAAAAAAAAAAAAAAAAAAAAAAAAAAAAAAAAAAAAAAAAAAAAAAAAAEhUrLQbbX6AAAAAAAAAAAAAQADAAAJIAAAAAAAAAAAAAAAAAAAAANwZGYAABAACAAAzhQxEgAAABEACAAA0G2Z2gAAAAEAGAEgSugAezTfAHpTeAAFwP4ABcCQAAISKQACAEJNYWNpbnRvc2ggSEQ6VXNlcnM6AGR3OgBEZXNrdG9wOgB0aGVzaXM6AGJpYjoAcGRmOgAxOTk5X3Rob21hcy5wZGYADgAgAA8AMQA5ADkAOQBfAHQAaABvAG0AYQBzAC4AcABkAGYADwAaAAwATQBhAGMAaQBuAHQAbwBzAGgAIABIAEQAEgAvVXNlcnMvZHcvRGVza3RvcC90aGVzaXMvYmliL3BkZi8xOTk5X3Rob21hcy5wZGYAABMAAS8AABUAAgAJ//8AAIAG0hscHR5aJGNsYXNzbmFtZVgkY2xhc3Nlc11OU011dGFibGVEYXRhox0fIFZOU0RhdGFYTlNPYmplY3TSGxwiI1xOU0RpY3Rpb25hcnmiIiBfEA9OU0tleWVkQXJjaGl2ZXLRJidUcm9vdIABAAgAEQAaACMALQAyADcAQABGAE0AVQBgAGcAagBsAG4AcQBzAHUAdwCEAI4ApACpALECUwJVAloCZQJuAnwCgAKHApAClQKiAqUCtwK6Ar8AAAAAAAACAQAAAAAAAAAoAAAAAAAAAAAAAAAAAAACwQ==}}

@incollection{2003_Gurumurthy,
	Annote = {Improvements to the rank-based construction of Kupferman, Vardi (2001)
Implementation and experimental comparison of the individual optimisations within the construction

Probably the "waa" complementation method in GOAL (which is the implementation of Kupferman, Vardi, 2001) contains the optimisation of this paper (see API)},
	Author = {Gurumurthy, Sankar and Kupferman, Orna and Somenzi, Fabio and Vardi, MosheY.},
	Booktitle = {Correct Hardware Design and Verification Methods},
	Date-Added = {2014-10-22 16:37:53 +0000},
	Date-Modified = {2015-06-29 20:17:05 +0000},
	Doi = {10.1007/978-3-540-39724-3_10},
	Editor = {Geist, Daniel and Tronci, Enrico},
	Isbn = {978-3-540-20363-6},
	Keywords = {Construction, Rank-based, Experimental},
	Language = {English},
	Pages = {96-110},
	Publisher = {Springer Berlin Heidelberg},
	Series = {Lecture Notes in Computer Science},
	Title = {On Complementing Nondeterministic B{\"u}chi Automata},
	Url = {http://dx.doi.org/10.1007/978-3-540-39724-3_10},
	Volume = {2860},
	Year = {2003},
	Bdsk-File-1 = {YnBsaXN0MDDUAQIDBAUGJCVYJHZlcnNpb25YJG9iamVjdHNZJGFyY2hpdmVyVCR0b3ASAAGGoKgHCBMUFRYaIVUkbnVsbNMJCgsMDxJXTlMua2V5c1pOUy5vYmplY3RzViRjbGFzc6INDoACgAOiEBGABIAFgAdccmVsYXRpdmVQYXRoWWFsaWFzRGF0YV8QF3BkZi8yMDAzX2d1cnVtdXJ0aHkucGRm0hcLGBlXTlMuZGF0YU8RAa4AAAAAAa4AAgAADE1hY2ludG9zaCBIRAAAAAAAAAAAAAAAAAAAAM4UTTJIKwAAASBK6BMyMDAzX2d1cnVtdXJ0aHkucGRmAAAAAAAAAAAAAAAAAAAAAAAAAAAAAAAAAAAAAAAAAAAAAAAAAAAAAAAAAAABIURT0G2mPAAAAAAAAAAAAAEAAwAACSAAAAAAAAAAAAAAAAAAAAADcGRmAAAQAAgAAM4UMRIAAAARAAgAANBtihwAAAABABgBIEroAHs03wB6U3gABcD+AAXAkAACEikAAgBGTWFjaW50b3NoIEhEOlVzZXJzOgBkdzoARGVza3RvcDoAdGhlc2lzOgBiaWI6AHBkZjoAMjAwM19ndXJ1bXVydGh5LnBkZgAOACgAEwAyADAAMAAzAF8AZwB1AHIAdQBtAHUAcgB0AGgAeQAuAHAAZABmAA8AGgAMAE0AYQBjAGkAbgB0AG8AcwBoACAASABEABIAM1VzZXJzL2R3L0Rlc2t0b3AvdGhlc2lzL2JpYi9wZGYvMjAwM19ndXJ1bXVydGh5LnBkZgAAEwABLwAAFQACAAn//wAAgAbSGxwdHlokY2xhc3NuYW1lWCRjbGFzc2VzXU5TTXV0YWJsZURhdGGjHR8gVk5TRGF0YVhOU09iamVjdNIbHCIjXE5TRGljdGlvbmFyeaIiIF8QD05TS2V5ZWRBcmNoaXZlctEmJ1Ryb290gAEACAARABoAIwAtADIANwBAAEYATQBVAGAAZwBqAGwAbgBxAHMAdQB3AIQAjgCoAK0AtQJnAmkCbgJ5AoICkAKUApsCpAKpArYCuQLLAs4C0wAAAAAAAAIBAAAAAAAAACgAAAAAAAAAAAAAAAAAAALV}}

@incollection{2009_karmarkar,
	Annote = {Improvement of the rank-based complementation by Schewe (2009) (which is an improvement of Friedgut, Kupferman, Vardi, 2006, which is an improvment of Kupferman, Vardi, 2001).

Implementation of the improved and the original Schewe construction in NuSMV and comparative experiments. Also comparing against Safra-Piterman and WAA in GOAL.

},
	Author = {Karmarkar, Hrishikesh and Chakraborty, Supratik},
	Booktitle = {Automated Technology for Verification and Analysis},
	Date-Added = {2014-10-22 15:22:18 +0000},
	Date-Modified = {2014-10-22 15:40:23 +0000},
	Doi = {10.1007/978-3-642-04761-9_18},
	Editor = {Liu, Zhiming and Ravn, AndersP.},
	Isbn = {978-3-642-04760-2},
	Keywords = {Construction, Rank-based, Experimental},
	Language = {English},
	Pages = {228-243},
	Publisher = {Springer Berlin Heidelberg},
	Series = {Lecture Notes in Computer Science},
	Title = {On Minimal Odd Rankings for B{\"u}chi Complementation},
	Url = {http://dx.doi.org/10.1007/978-3-642-04761-9_18},
	Volume = {5799},
	Year = {2009},
	Bdsk-File-1 = {YnBsaXN0MDDUAQIDBAUGJCVYJHZlcnNpb25YJG9iamVjdHNZJGFyY2hpdmVyVCR0b3ASAAGGoKgHCBMUFRYaIVUkbnVsbNMJCgsMDxJXTlMua2V5c1pOUy5vYmplY3RzViRjbGFzc6INDoACgAOiEBGABIAFgAdccmVsYXRpdmVQYXRoWWFsaWFzRGF0YV8QFnBkZi8yMDA5X2thcm1hcmthci5wZGbSFwsYGVdOUy5kYXRhTxEBqgAAAAABqgACAAAMTWFjaW50b3NoIEhEAAAAAAAAAAAAAAAAAAAAzhRNMkgrAAABIEroEjIwMDlfa2FybWFya2FyLnBkZgAAAAAAAAAAAAAAAAAAAAAAAAAAAAAAAAAAAAAAAAAAAAAAAAAAAAAAAAAAAAEhQEnQbZg8AAAAAAAAAAAAAQADAAAJIAAAAAAAAAAAAAAAAAAAAANwZGYAABAACAAAzhQxEgAAABEACAAA0G18HAAAAAEAGAEgSugAezTfAHpTeAAFwP4ABcCQAAISKQACAEVNYWNpbnRvc2ggSEQ6VXNlcnM6AGR3OgBEZXNrdG9wOgB0aGVzaXM6AGJpYjoAcGRmOgAyMDA5X2thcm1hcmthci5wZGYAAA4AJgASADIAMAAwADkAXwBrAGEAcgBtAGEAcgBrAGEAcgAuAHAAZABmAA8AGgAMAE0AYQBjAGkAbgB0AG8AcwBoACAASABEABIAMlVzZXJzL2R3L0Rlc2t0b3AvdGhlc2lzL2JpYi9wZGYvMjAwOV9rYXJtYXJrYXIucGRmABMAAS8AABUAAgAJ//8AAIAG0hscHR5aJGNsYXNzbmFtZVgkY2xhc3Nlc11OU011dGFibGVEYXRhox0fIFZOU0RhdGFYTlNPYmplY3TSGxwiI1xOU0RpY3Rpb25hcnmiIiBfEA9OU0tleWVkQXJjaGl2ZXLRJidUcm9vdIABAAgAEQAaACMALQAyADcAQABGAE0AVQBgAGcAagBsAG4AcQBzAHUAdwCEAI4ApwCsALQCYgJkAmkCdAJ9AosCjwKWAp8CpAKxArQCxgLJAs4AAAAAAAACAQAAAAAAAAAoAAAAAAAAAAAAAAAAAAAC0A==}}

@incollection{2012_breuers,
	Annote = {Improvements for the Ramsey-based complementation construction by B{\"u}chi (1962) or the improved version by Sistla et al. (1987). Meets complexity 2^O(n log n).

Implementation of the construction in Alekto (see below).

Experimental investigations

Received full text from Stefan Breuers.

Alekto
http://www.automata.rwth-aachen.de/research/Alekto/
Alekto is a software for complementation of B{\"u}chi automata, using an improved version of the so-called Ramsey-based method. It is written in the programming language Java, and the source code is available on this webpage

Good short review of B{\"u}chi complementation in introduction.},
	Author = {Breuers, Stefan and L{\"o}ding, Christof and Olschewski, J{\"o}rg},
	Booktitle = {Foundations of Software Science and Computational Structures},
	Date-Added = {2014-10-22 14:58:07 +0000},
	Date-Modified = {2014-10-27 20:47:33 +0000},
	Doi = {10.1007/978-3-642-28729-9_10},
	Editor = {Birkedal, Lars},
	Isbn = {978-3-642-28728-2},
	Keywords = {Construction, Ramsey-based, Experimental},
	Language = {English},
	Pages = {150-164},
	Publisher = {Springer Berlin Heidelberg},
	Series = {Lecture Notes in Computer Science},
	Title = {Improved Ramsey-Based B{\"u}chi Complementation},
	Url = {http://dx.doi.org/10.1007/978-3-642-28729-9_10},
	Volume = {7213},
	Year = {2012},
	Bdsk-File-1 = {YnBsaXN0MDDUAQIDBAUGJCVYJHZlcnNpb25YJG9iamVjdHNZJGFyY2hpdmVyVCR0b3ASAAGGoKgHCBMUFRYaIVUkbnVsbNMJCgsMDxJXTlMua2V5c1pOUy5vYmplY3RzViRjbGFzc6INDoACgAOiEBGABIAFgAdccmVsYXRpdmVQYXRoWWFsaWFzRGF0YV8QFHBkZi8yMDEyX2JyZXVlcnMucGRm0hcLGBlXTlMuZGF0YU8RAaIAAAAAAaIAAgAADE1hY2ludG9zaCBIRAAAAAAAAAAAAAAAAAAAAM4UTTJIKwAAASBK6BAyMDEyX2JyZXVlcnMucGRmAAAAAAAAAAAAAAAAAAAAAAAAAAAAAAAAAAAAAAAAAAAAAAAAAAAAAAAAAAAAAAABJKX00HRtMgAAAAAAAAAAAAEAAwAACSAAAAAAAAAAAAAAAAAAAAADcGRmAAAQAAgAAM4UMRIAAAARAAgAANB0XyIAAAABABgBIEroAHs03wB6U3gABcD+AAXAkAACEikAAgBDTWFjaW50b3NoIEhEOlVzZXJzOgBkdzoARGVza3RvcDoAdGhlc2lzOgBiaWI6AHBkZjoAMjAxMl9icmV1ZXJzLnBkZgAADgAiABAAMgAwADEAMgBfAGIAcgBlAHUAZQByAHMALgBwAGQAZgAPABoADABNAGEAYwBpAG4AdABvAHMAaAAgAEgARAASADBVc2Vycy9kdy9EZXNrdG9wL3RoZXNpcy9iaWIvcGRmLzIwMTJfYnJldWVycy5wZGYAEwABLwAAFQACAAn//wAAgAbSGxwdHlokY2xhc3NuYW1lWCRjbGFzc2VzXU5TTXV0YWJsZURhdGGjHR8gVk5TRGF0YVhOU09iamVjdNIbHCIjXE5TRGljdGlvbmFyeaIiIF8QD05TS2V5ZWRBcmNoaXZlctEmJ1Ryb290gAEACAARABoAIwAtADIANwBAAEYATQBVAGAAZwBqAGwAbgBxAHMAdQB3AIQAjgClAKoAsgJYAloCXwJqAnMCgQKFAowClQKaAqcCqgK8Ar8CxAAAAAAAAAIBAAAAAAAAACgAAAAAAAAAAAAAAAAAAALG}}

@inproceedings{1991_klarlund,
	Annote = {First to circumvent the need for determinization.

2^O(n log n)

Rank-based construction from 2001 by Kupferman and Vardi is based on this paper.},
	Author = {Klarlund, Nils},
	Booktitle = {Foundations of Computer Science, 1991. Proceedings., 32nd Annual Symposium on},
	Date-Added = {2014-10-22 14:48:16 +0000},
	Date-Modified = {2014-10-22 16:24:51 +0000},
	Doi = {10.1109/SFCS.1991.185391},
	Keywords = {Construction, Rank-based},
	Month = {Oct},
	Pages = {358-367},
	Title = {Progress measures for complementation omega;-automata with applications to temporal logic},
	Year = {1991},
	Bdsk-File-1 = {YnBsaXN0MDDUAQIDBAUGJCVYJHZlcnNpb25YJG9iamVjdHNZJGFyY2hpdmVyVCR0b3ASAAGGoKgHCBMUFRYaIVUkbnVsbNMJCgsMDxJXTlMua2V5c1pOUy5vYmplY3RzViRjbGFzc6INDoACgAOiEBGABIAFgAdccmVsYXRpdmVQYXRoWWFsaWFzRGF0YV8QFXBkZi8xOTkxX2tsYXJsdW5kLnBkZtIXCxgZV05TLmRhdGFPEQGmAAAAAAGmAAIAAAxNYWNpbnRvc2ggSEQAAAAAAAAAAAAAAAAAAADOFE0ySCsAAAEgSugRMTk5MV9rbGFybHVuZC5wZGYAAAAAAAAAAAAAAAAAAAAAAAAAAAAAAAAAAAAAAAAAAAAAAAAAAAAAAAAAAAAAASEwu9BtkBEAAAAAAAAAAAABAAMAAAkgAAAAAAAAAAAAAAAAAAAAA3BkZgAAEAAIAADOFDESAAAAEQAIAADQbXPxAAAAAQAYASBK6AB7NN8AelN4AAXA/gAFwJAAAhIpAAIARE1hY2ludG9zaCBIRDpVc2VyczoAZHc6AERlc2t0b3A6AHRoZXNpczoAYmliOgBwZGY6ADE5OTFfa2xhcmx1bmQucGRmAA4AJAARADEAOQA5ADEAXwBrAGwAYQByAGwAdQBuAGQALgBwAGQAZgAPABoADABNAGEAYwBpAG4AdABvAHMAaAAgAEgARAASADFVc2Vycy9kdy9EZXNrdG9wL3RoZXNpcy9iaWIvcGRmLzE5OTFfa2xhcmx1bmQucGRmAAATAAEvAAAVAAIACf//AACABtIbHB0eWiRjbGFzc25hbWVYJGNsYXNzZXNdTlNNdXRhYmxlRGF0YaMdHyBWTlNEYXRhWE5TT2JqZWN00hscIiNcTlNEaWN0aW9uYXJ5oiIgXxAPTlNLZXllZEFyY2hpdmVy0SYnVHJvb3SAAQAIABEAGgAjAC0AMgA3AEAARgBNAFUAYABnAGoAbABuAHEAcwB1AHcAhACOAKYAqwCzAl0CXwJkAm8CeAKGAooCkQKaAp8CrAKvAsECxALJAAAAAAAAAgEAAAAAAAAAKAAAAAAAAAAAAAAAAAAAAss=}}

@article{1930ramsey,
	Annote = {A solution to the satisfiability problem of predicate logic.
To this end, introduces in Part I some combinatorial theorems.

Contains the combinatorial argument that is used by the Ramsey-based complementation constructions.},
	Author = {Ramsey, F. P.},
	Date-Added = {2014-10-22 14:40:52 +0000},
	Date-Modified = {2014-10-25 09:09:29 +0000},
	Doi = {10.1112/plms/s2-30.1.264},
	Eprint = {http://plms.oxfordjournals.org/content/s2-30/1/264.full.pdf+html},
	Journal = {Proceedings of the London Mathematical Society},
	Keywords = {Seminal},
	Number = {1},
	Pages = {264-286},
	Title = {On a Problem of Formal Logic},
	Url = {http://plms.oxfordjournals.org/content/s2-30/1/264.short},
	Volume = {s2-30},
	Year = {1930},
	Bdsk-File-1 = {YnBsaXN0MDDUAQIDBAUGJCVYJHZlcnNpb25YJG9iamVjdHNZJGFyY2hpdmVyVCR0b3ASAAGGoKgHCBMUFRYaIVUkbnVsbNMJCgsMDxJXTlMua2V5c1pOUy5vYmplY3RzViRjbGFzc6INDoACgAOiEBGABIAFgAdccmVsYXRpdmVQYXRoWWFsaWFzRGF0YV8QE3BkZi8xOTMwX3JhbXNleS5wZGbSFwsYGVdOUy5kYXRhTxEBngAAAAABngACAAAMTWFjaW50b3NoIEhEAAAAAAAAAAAAAAAAAAAAzhRNMkgrAAABIEroDzE5MzBfcmFtc2V5LnBkZgAAAAAAAAAAAAAAAAAAAAAAAAAAAAAAAAAAAAAAAAAAAAAAAAAAAAAAAAAAAAAAAAEiDDfQbY34AAAAAAAAAAAAAQADAAAJIAAAAAAAAAAAAAAAAAAAAANwZGYAABAACAAAzhQxEgAAABEACAAA0G1x2AAAAAEAGAEgSugAezTfAHpTeAAFwP4ABcCQAAISKQACAEJNYWNpbnRvc2ggSEQ6VXNlcnM6AGR3OgBEZXNrdG9wOgB0aGVzaXM6AGJpYjoAcGRmOgAxOTMwX3JhbXNleS5wZGYADgAgAA8AMQA5ADMAMABfAHIAYQBtAHMAZQB5AC4AcABkAGYADwAaAAwATQBhAGMAaQBuAHQAbwBzAGgAIABIAEQAEgAvVXNlcnMvZHcvRGVza3RvcC90aGVzaXMvYmliL3BkZi8xOTMwX3JhbXNleS5wZGYAABMAAS8AABUAAgAJ//8AAIAG0hscHR5aJGNsYXNzbmFtZVgkY2xhc3Nlc11OU011dGFibGVEYXRhox0fIFZOU0RhdGFYTlNPYmplY3TSGxwiI1xOU0RpY3Rpb25hcnmiIiBfEA9OU0tleWVkQXJjaGl2ZXLRJidUcm9vdIABAAgAEQAaACMALQAyADcAQABGAE0AVQBgAGcAagBsAG4AcQBzAHUAdwCEAI4ApACpALECUwJVAloCZQJuAnwCgAKHApAClQKiAqUCtwK6Ar8AAAAAAAACAQAAAAAAAAAoAAAAAAAAAAAAAAAAAAACwQ==}}

@article{rabin1969decidability,
	Annote = {- Introduction of Rabin automata (according to L{\"o}ding, 1999, and Wilke, 2014s)
- Rabin's Theorem},
	Author = {Rabin, Michael O},
	Date-Added = {2014-10-22 13:33:25 +0000},
	Date-Modified = {2014-11-05 11:01:13 +0000},
	Journal = {Transactions of the American Mathematical Society},
	Keywords = {Seminal},
	Month = {July},
	Pages = {1--35},
	Publisher = {JSTOR},
	Title = {Decidability of second-order theories and automata on infinite trees},
	Volume = {141},
	Year = {1969},
	Bdsk-File-1 = {YnBsaXN0MDDUAQIDBAUGJCVYJHZlcnNpb25YJG9iamVjdHNZJGFyY2hpdmVyVCR0b3ASAAGGoKgHCBMUFRYaIVUkbnVsbNMJCgsMDxJXTlMua2V5c1pOUy5vYmplY3RzViRjbGFzc6INDoACgAOiEBGABIAFgAdccmVsYXRpdmVQYXRoWWFsaWFzRGF0YV8QEnBkZi8xOTY5X3JhYmluLnBkZtIXCxgZV05TLmRhdGFPEQGaAAAAAAGaAAIAAAxNYWNpbnRvc2ggSEQAAAAAAAAAAAAAAAAAAADOFE0ySCsAAAEgSugOMTk2OV9yYWJpbi5wZGYAAAAAAAAAAAAAAAAAAAAAAAAAAAAAAAAAAAAAAAAAAAAAAAAAAAAAAAAAAAAAAAAAASGIHNBtf/IAAAAAAAAAAAABAAMAAAkgAAAAAAAAAAAAAAAAAAAAA3BkZgAAEAAIAADOFDESAAAAEQAIAADQbWPSAAAAAQAYASBK6AB7NN8AelN4AAXA/gAFwJAAAhIpAAIAQU1hY2ludG9zaCBIRDpVc2VyczoAZHc6AERlc2t0b3A6AHRoZXNpczoAYmliOgBwZGY6ADE5NjlfcmFiaW4ucGRmAAAOAB4ADgAxADkANgA5AF8AcgBhAGIAaQBuAC4AcABkAGYADwAaAAwATQBhAGMAaQBuAHQAbwBzAGgAIABIAEQAEgAuVXNlcnMvZHcvRGVza3RvcC90aGVzaXMvYmliL3BkZi8xOTY5X3JhYmluLnBkZgATAAEvAAAVAAIACf//AACABtIbHB0eWiRjbGFzc25hbWVYJGNsYXNzZXNdTlNNdXRhYmxlRGF0YaMdHyBWTlNEYXRhWE5TT2JqZWN00hscIiNcTlNEaWN0aW9uYXJ5oiIgXxAPTlNLZXllZEFyY2hpdmVy0SYnVHJvb3SAAQAIABEAGgAjAC0AMgA3AEAARgBNAFUAYABnAGoAbABuAHEAcwB1AHcAhACOAKMAqACwAk4CUAJVAmACaQJ3AnsCggKLApACnQKgArICtQK6AAAAAAAAAgEAAAAAAAAAKAAAAAAAAAAAAAAAAAAAArw=}}

@article{McNaughton1966,
	Annote = {Mc Naughton's Theorem: NBW are equivalent to DMW (deterministic Muller automata)},
	Author = {Robert McNaughton},
	Date-Added = {2014-10-22 13:18:08 +0000},
	Date-Modified = {2014-10-22 13:19:21 +0000},
	Doi = {http://dx.doi.org/10.1016/S0019-9958(66)80013-X},
	Issn = {0019-9958},
	Journal = {Information and Control},
	Keywords = {Seminal},
	Number = {5},
	Pages = {521 - 530},
	Title = {Testing and generating infinite sequences by a finite automaton},
	Url = {http://www.sciencedirect.com/science/article/pii/S001999586680013X},
	Volume = {9},
	Year = {1966},
	Bdsk-File-1 = {YnBsaXN0MDDUAQIDBAUGJCVYJHZlcnNpb25YJG9iamVjdHNZJGFyY2hpdmVyVCR0b3ASAAGGoKgHCBMUFRYaIVUkbnVsbNMJCgsMDxJXTlMua2V5c1pOUy5vYmplY3RzViRjbGFzc6INDoACgAOiEBGABIAFgAdccmVsYXRpdmVQYXRoWWFsaWFzRGF0YV8QF3BkZi8xOTY2X21jbmF1Z2h0b24ucGRm0hcLGBlXTlMuZGF0YU8RAa4AAAAAAa4AAgAADE1hY2ludG9zaCBIRAAAAAAAAAAAAAAAAAAAAM4UTTJIKwAAASBK6BMxOTY2X21jbmF1Z2h0b24ucGRmAAAAAAAAAAAAAAAAAAAAAAAAAAAAAAAAAAAAAAAAAAAAAAAAAAAAAAAAAAABIR8R0G17GgAAAAAAAAAAAAEAAwAACSAAAAAAAAAAAAAAAAAAAAADcGRmAAAQAAgAAM4UMRIAAAARAAgAANBtXvoAAAABABgBIEroAHs03wB6U3gABcD+AAXAkAACEikAAgBGTWFjaW50b3NoIEhEOlVzZXJzOgBkdzoARGVza3RvcDoAdGhlc2lzOgBiaWI6AHBkZjoAMTk2Nl9tY25hdWdodG9uLnBkZgAOACgAEwAxADkANgA2AF8AbQBjAG4AYQB1AGcAaAB0AG8AbgAuAHAAZABmAA8AGgAMAE0AYQBjAGkAbgB0AG8AcwBoACAASABEABIAM1VzZXJzL2R3L0Rlc2t0b3AvdGhlc2lzL2JpYi9wZGYvMTk2Nl9tY25hdWdodG9uLnBkZgAAEwABLwAAFQACAAn//wAAgAbSGxwdHlokY2xhc3NuYW1lWCRjbGFzc2VzXU5TTXV0YWJsZURhdGGjHR8gVk5TRGF0YVhOU09iamVjdNIbHCIjXE5TRGljdGlvbmFyeaIiIF8QD05TS2V5ZWRBcmNoaXZlctEmJ1Ryb290gAEACAARABoAIwAtADIANwBAAEYATQBVAGAAZwBqAGwAbgBxAHMAdQB3AIQAjgCoAK0AtQJnAmkCbgJ5AoICkAKUApsCpAKpArYCuQLLAs4C0wAAAAAAAAIBAAAAAAAAACgAAAAAAAAAAAAAAAAAAALV}}

@incollection{2006_yan,
	Annote = {This is the conference version from 2006. There is an extended journal version from 2008. The attached file is the extended version.},
	Author = {Yan, Qiqi},
	Booktitle = {Automata, Languages and Programming},
	Date-Added = {2014-10-22 13:06:38 +0000},
	Date-Modified = {2014-10-23 16:06:24 +0000},
	Doi = {10.1007/11787006_50},
	Editor = {Bugliesi, Michele and Preneel, Bart and Sassone, Vladimiro and Wegener, Ingo},
	Isbn = {978-3-540-35907-4},
	Keywords = {Bound},
	Language = {English},
	Pages = {589-600},
	Publisher = {Springer Berlin Heidelberg},
	Series = {Lecture Notes in Computer Science},
	Title = {Lower Bounds for Complementation of {$\omega$}-Automata Via the Full Automata Technique},
	Url = {http://dx.doi.org/10.1007/11787006_50},
	Volume = {4052},
	Year = {2006},
	Bdsk-File-1 = {YnBsaXN0MDDUAQIDBAUGJCVYJHZlcnNpb25YJG9iamVjdHNZJGFyY2hpdmVyVCR0b3ASAAGGoKgHCBMUFRYaIVUkbnVsbNMJCgsMDxJXTlMua2V5c1pOUy5vYmplY3RzViRjbGFzc6INDoACgAOiEBGABIAFgAdccmVsYXRpdmVQYXRoWWFsaWFzRGF0YV8QEHBkZi8yMDA4X3lhbi5wZGbSFwsYGVdOUy5kYXRhTxEBkgAAAAABkgACAAAMTWFjaW50b3NoIEhEAAAAAAAAAAAAAAAAAAAAzhRNMkgrAAABIEroDDIwMDhfeWFuLnBkZgAAAAAAAAAAAAAAAAAAAAAAAAAAAAAAAAAAAAAAAAAAAAAAAAAAAAAAAAAAAAAAAAAAAAEhfTrQbuWSAAAAAAAAAAAAAQADAAAJIAAAAAAAAAAAAAAAAAAAAANwZGYAABAACAAAzhQxEgAAABEACAAA0G7JcgAAAAEAGAEgSugAezTfAHpTeAAFwP4ABcCQAAISKQACAD9NYWNpbnRvc2ggSEQ6VXNlcnM6AGR3OgBEZXNrdG9wOgB0aGVzaXM6AGJpYjoAcGRmOgAyMDA4X3lhbi5wZGYAAA4AGgAMADIAMAAwADgAXwB5AGEAbgAuAHAAZABmAA8AGgAMAE0AYQBjAGkAbgB0AG8AcwBoACAASABEABIALFVzZXJzL2R3L0Rlc2t0b3AvdGhlc2lzL2JpYi9wZGYvMjAwOF95YW4ucGRmABMAAS8AABUAAgAJ//8AAIAG0hscHR5aJGNsYXNzbmFtZVgkY2xhc3Nlc11OU011dGFibGVEYXRhox0fIFZOU0RhdGFYTlNPYmplY3TSGxwiI1xOU0RpY3Rpb25hcnmiIiBfEA9OU0tleWVkQXJjaGl2ZXLRJidUcm9vdIABAAgAEQAaACMALQAyADcAQABGAE0AVQBgAGcAagBsAG4AcQBzAHUAdwCEAI4AoQCmAK4CRAJGAksCVgJfAm0CcQJ4AoEChgKTApYCqAKrArAAAAAAAAACAQAAAAAAAAAoAAAAAAAAAAAAAAAAAAACsg==}}

@incollection{1999_loeding,
	Annote = {Includes Michel's (1988) argument saying that there are omega-regular languages that can be recognised by a NBW with O(n) states, but the complement cannot be recognised by a NBW with less than n! states (p. 4).},
	Author = {L{\"o}ding, Christof},
	Booktitle = {Foundations of Software Technology and Theoretical Computer Science},
	Date-Added = {2014-10-22 13:02:54 +0000},
	Date-Modified = {2014-10-23 16:05:25 +0000},
	Doi = {10.1007/3-540-46691-6_8},
	Editor = {Rangan, C.Pandu and Raman, V. and Ramanujam, R.},
	Isbn = {978-3-540-66836-7},
	Keywords = {Bound},
	Language = {English},
	Pages = {97-109},
	Publisher = {Springer Berlin Heidelberg},
	Series = {Lecture Notes in Computer Science},
	Title = {Optimal Bounds for Transformations of {$\omega$}-Automata},
	Url = {http://dx.doi.org/10.1007/3-540-46691-6_8},
	Volume = {1738},
	Year = {1999},
	Bdsk-File-1 = {YnBsaXN0MDDUAQIDBAUGJCVYJHZlcnNpb25YJG9iamVjdHNZJGFyY2hpdmVyVCR0b3ASAAGGoKgHCBMUFRYaIVUkbnVsbNMJCgsMDxJXTlMua2V5c1pOUy5vYmplY3RzViRjbGFzc6INDoACgAOiEBGABIAFgAdccmVsYXRpdmVQYXRoWWFsaWFzRGF0YV8QG3BkZi8xOTk5X2xvZWRpbmdfYm91bmRzLnBkZtIXCxgZV05TLmRhdGFPEQG+AAAAAAG+AAIAAAxNYWNpbnRvc2ggSEQAAAAAAAAAAAAAAAAAAADOFE0ySCsAAAEgSugXMTk5OV9sb2VkaW5nX2JvdW5kcy5wZGYAAAAAAAAAAAAAAAAAAAAAAAAAAAAAAAAAAAAAAAAAAAAAAAAAAAAAASHZ09BteCYAAAAAAAAAAAABAAMAAAkgAAAAAAAAAAAAAAAAAAAAA3BkZgAAEAAIAADOFDESAAAAEQAIAADQbVwGAAAAAQAYASBK6AB7NN8AelN4AAXA/gAFwJAAAhIpAAIASk1hY2ludG9zaCBIRDpVc2VyczoAZHc6AERlc2t0b3A6AHRoZXNpczoAYmliOgBwZGY6ADE5OTlfbG9lZGluZ19ib3VuZHMucGRmAA4AMAAXADEAOQA5ADkAXwBsAG8AZQBkAGkAbgBnAF8AYgBvAHUAbgBkAHMALgBwAGQAZgAPABoADABNAGEAYwBpAG4AdABvAHMAaAAgAEgARAASADdVc2Vycy9kdy9EZXNrdG9wL3RoZXNpcy9iaWIvcGRmLzE5OTlfbG9lZGluZ19ib3VuZHMucGRmAAATAAEvAAAVAAIACf//AACABtIbHB0eWiRjbGFzc25hbWVYJGNsYXNzZXNdTlNNdXRhYmxlRGF0YaMdHyBWTlNEYXRhWE5TT2JqZWN00hscIiNcTlNEaWN0aW9uYXJ5oiIgXxAPTlNLZXllZEFyY2hpdmVy0SYnVHJvb3SAAQAIABEAGgAjAC0AMgA3AEAARgBNAFUAYABnAGoAbABuAHEAcwB1AHcAhACOAKwAsQC5AnsCfQKCAo0ClgKkAqgCrwK4Ar0CygLNAt8C4gLnAAAAAAAAAgEAAAAAAAAAKAAAAAAAAAAAAAAAAAAAAuk=}}

@article{michel1988,
	Annote = {Introduction of lower bound of NBW complementation of n! =~ (n/e)^n =~ (0.36n)^n =~ 2^O(n log n)

He proved that there are automata whose complement MUST have at least n! states if the automata have n+2 states (the Michel automata).
Michel automaton with n=1: 3 states
Michel automaton with n=2: 4 states
Michel automaton with n=3: 5 states
Michel automaton with n=4: 6 states

Text not accessible},
	Author = {Michel, Max},
	Date-Added = {2014-10-22 12:25:53 +0000},
	Date-Modified = {2015-06-11 17:30:41 +0000},
	Journal = {CNET, Paris},
	Keywords = {Bound},
	Title = {Complementation is more difficult with automata on infinite words},
	Volume = {15},
	Year = {1988}}

@incollection{2008_kaehler,
	Annote = {Generalisation, improvement of the slice-based construction in Vardi, Wilke, Automata: from logics to algorithms, 2008.

Implemented in GOAL  as slice

Text not accessible},
	Author = {K{\"a}hler, Detlef and Wilke, Thomas},
	Booktitle = {Automata, Languages and Programming},
	Date-Added = {2014-10-22 10:10:32 +0000},
	Date-Modified = {2014-10-22 11:06:13 +0000},
	Doi = {10.1007/978-3-540-70575-8_59},
	Editor = {Aceto, Luca and Damg{\aa}rd, Ivan and Goldberg, LeslieAnn and Halld{\'o}rsson, Magn{\'u}sM. and Ing{\'o}lfsd{\'o}ttir, Anna and Walukiewicz, Igor},
	Isbn = {978-3-540-70574-1},
	Keywords = {Construction, Slice-based},
	Language = {English},
	Pages = {724-735},
	Publisher = {Springer Berlin Heidelberg},
	Series = {Lecture Notes in Computer Science},
	Title = {Complementation, Disambiguation, and Determinization of B{\"u}chi Automata Unified},
	Url = {http://dx.doi.org/10.1007/978-3-540-70575-8_59},
	Volume = {5125},
	Year = {2008},
	Bdsk-Url-1 = {http://dx.doi.org/10.1007/978-3-540-70575-8_59}}

@incollection{vardi2007automata,
	Annote = {Introduction of slice-based complementation construction starting from page 11.

Implemented as slice -p (preliminary version) in GOAL},
	Author = {Vardi, Moshe Y and Wilke, Thomas},
	Booktitle = {Logic and Automata: History and Perspectives},
	Date-Added = {2014-10-22 10:08:28 +0000},
	Date-Modified = {2014-10-26 18:18:55 +0000},
	Editor = {Flum, J{\"o}rg and Gr{\"a}del, Erich and Wilke, Thomas},
	Keywords = {Construction, Slice-based},
	Pages = {629--736},
	Publisher = {Amsterdam University Press},
	Series = {Texts in Logic and Games},
	Title = {Automata: From Logics to Algorithms},
	Volume = {2},
	Year = {2007},
	Bdsk-File-1 = {YnBsaXN0MDDUAQIDBAUGJCVYJHZlcnNpb25YJG9iamVjdHNZJGFyY2hpdmVyVCR0b3ASAAGGoKgHCBMUFRYaIVUkbnVsbNMJCgsMDxJXTlMua2V5c1pOUy5vYmplY3RzViRjbGFzc6INDoACgAOiEBGABIAFgAdccmVsYXRpdmVQYXRoWWFsaWFzRGF0YV8QHnBkZi8yMDA3X3ZhcmRpX3dpbGtlX3NsaWNlLnBkZtIXCxgZV05TLmRhdGFPEQHKAAAAAAHKAAIAAAxNYWNpbnRvc2ggSEQAAAAAAAAAAAAAAAAAAADOFE0ySCsAAAEgSugaMjAwN192YXJkaV93aWxrZV9zbGljZS5wZGYAAAAAAAAAAAAAAAAAAAAAAAAAAAAAAAAAAAAAAAAAAAAAAAAAASioZNBtUSIAAAAAAAAAAAABAAMAAAkgAAAAAAAAAAAAAAAAAAAAA3BkZgAAEAAIAADOFDESAAAAEQAIAADQbTUCAAAAAQAYASBK6AB7NN8AelN4AAXA/gAFwJAAAhIpAAIATU1hY2ludG9zaCBIRDpVc2VyczoAZHc6AERlc2t0b3A6AHRoZXNpczoAYmliOgBwZGY6ADIwMDdfdmFyZGlfd2lsa2Vfc2xpY2UucGRmAAAOADYAGgAyADAAMAA3AF8AdgBhAHIAZABpAF8AdwBpAGwAawBlAF8AcwBsAGkAYwBlAC4AcABkAGYADwAaAAwATQBhAGMAaQBuAHQAbwBzAGgAIABIAEQAEgA6VXNlcnMvZHcvRGVza3RvcC90aGVzaXMvYmliL3BkZi8yMDA3X3ZhcmRpX3dpbGtlX3NsaWNlLnBkZgATAAEvAAAVAAIACf//AACABtIbHB0eWiRjbGFzc25hbWVYJGNsYXNzZXNdTlNNdXRhYmxlRGF0YaMdHyBWTlNEYXRhWE5TT2JqZWN00hscIiNcTlNEaWN0aW9uYXJ5oiIgXxAPTlNLZXllZEFyY2hpdmVy0SYnVHJvb3SAAQAIABEAGgAjAC0AMgA3AEAARgBNAFUAYABnAGoAbABuAHEAcwB1AHcAhACOAK8AtAC8AooCjAKRApwCpQKzArcCvgLHAswC2QLcAu4C8QL2AAAAAAAAAgEAAAAAAAAAKAAAAAAAAAAAAAAAAAAAAvg=}}

@article{friedgut2006buchi,
	Annote = {Improvment of the first rank-based construction from 2001 by Kupferman and Vardi

(0.97n)^n, see Yan, 2008, p. 2

The then best construction in terms of state complexity.

There is a preliminary conference version of this paper from 2004},
	Author = {Friedgut, Ehud and Kupferman, Orna and Vardi, Moshe Y},
	Date-Added = {2014-10-22 09:53:47 +0000},
	Date-Modified = {2014-10-23 15:30:10 +0000},
	Journal = {International Journal of Foundations of Computer Science},
	Keywords = {Construction, Rank-based},
	Number = {04},
	Pages = {851--867},
	Publisher = {World Scientific},
	Title = {B{\"u}chi Complementation Made Tighter},
	Volume = {17},
	Year = {2006},
	Bdsk-File-1 = {YnBsaXN0MDDUAQIDBAUGJCVYJHZlcnNpb25YJG9iamVjdHNZJGFyY2hpdmVyVCR0b3ASAAGGoKgHCBMUFRYaIVUkbnVsbNMJCgsMDxJXTlMua2V5c1pOUy5vYmplY3RzViRjbGFzc6INDoACgAOiEBGABIAFgAdccmVsYXRpdmVQYXRoWWFsaWFzRGF0YV8QInBkZi8yMDA2X2ZyaWVkZ3V0X21hZGVfdGlnaHRlci5wZGbSFwsYGVdOUy5kYXRhTxEB2gAAAAAB2gACAAAMTWFjaW50b3NoIEhEAAAAAAAAAAAAAAAAAAAAzhRNMkgrAAABIEroHjIwMDZfZnJpZWRndXRfbWFkZV90aWdodGVyLnBkZgAAAAAAAAAAAAAAAAAAAAAAAAAAAAAAAAAAAAAAAAAAAAEgQ6nQbC1tAAAAAAAAAAAAAQADAAAJIAAAAAAAAAAAAAAAAAAAAANwZGYAABAACAAAzhQxEgAAABEACAAA0GwRTQAAAAEAGAEgSugAezTfAHpTeAAFwP4ABcCQAAISKQACAFFNYWNpbnRvc2ggSEQ6VXNlcnM6AGR3OgBEZXNrdG9wOgB0aGVzaXM6AGJpYjoAcGRmOgAyMDA2X2ZyaWVkZ3V0X21hZGVfdGlnaHRlci5wZGYAAA4APgAeADIAMAAwADYAXwBmAHIAaQBlAGQAZwB1AHQAXwBtAGEAZABlAF8AdABpAGcAaAB0AGUAcgAuAHAAZABmAA8AGgAMAE0AYQBjAGkAbgB0AG8AcwBoACAASABEABIAPlVzZXJzL2R3L0Rlc2t0b3AvdGhlc2lzL2JpYi9wZGYvMjAwNl9mcmllZGd1dF9tYWRlX3RpZ2h0ZXIucGRmABMAAS8AABUAAgAJ//8AAIAG0hscHR5aJGNsYXNzbmFtZVgkY2xhc3Nlc11OU011dGFibGVEYXRhox0fIFZOU0RhdGFYTlNPYmplY3TSGxwiI1xOU0RpY3Rpb25hcnmiIiBfEA9OU0tleWVkQXJjaGl2ZXLRJidUcm9vdIABAAgAEQAaACMALQAyADcAQABGAE0AVQBgAGcAagBsAG4AcQBzAHUAdwCEAI4AswC4AMACngKgAqUCsAK5AscCywLSAtsC4ALtAvADAgMFAwoAAAAAAAACAQAAAAAAAAAoAAAAAAAAAAAAAAAAAAADDA==}}

@article{Kupferman:2001,
	Acmid = {377993},
	Address = {New York, NY, USA},
	Annote = {Introduction of the rank-based construction approach.

NBW --> complement UCW (universal co-B{\"u}chi automaton)
UCW --> WAA (weak alternating automaton)
WAA --> NBW

Implemented in GOAL as "waa".
},
	Author = {Kupferman, Orna and Vardi, Moshe Y.},
	Date-Added = {2014-10-22 09:45:35 +0000},
	Date-Modified = {2014-10-22 16:18:28 +0000},
	Doi = {10.1145/377978.377993},
	Issn = {1529-3785},
	Issue_Date = {July 2001},
	Journal = {ACM Trans. Comput. Logic},
	Keywords = {Construction, Rank-based},
	Month = jul,
	Number = {3},
	Numpages = {22},
	Pages = {408--429},
	Publisher = {ACM},
	Title = {Weak Alternating Automata Are Not that Weak},
	Url = {http://doi.acm.org/10.1145/377978.377993},
	Volume = {2},
	Year = {2001},
	Bdsk-File-1 = {YnBsaXN0MDDUAQIDBAUGJCVYJHZlcnNpb25YJG9iamVjdHNZJGFyY2hpdmVyVCR0b3ASAAGGoKgHCBMUFRYaIVUkbnVsbNMJCgsMDxJXTlMua2V5c1pOUy5vYmplY3RzViRjbGFzc6INDoACgAOiEBGABIAFgAdccmVsYXRpdmVQYXRoWWFsaWFzRGF0YV8QFnBkZi8yMDAxX2t1cGZlcm1hbi5wZGbSFwsYGVdOUy5kYXRhTxEBqgAAAAABqgACAAAMTWFjaW50b3NoIEhEAAAAAAAAAAAAAAAAAAAAzhRNMkgrAAABIEroEjIwMDFfa3VwZmVybWFuLnBkZgAAAAAAAAAAAAAAAAAAAAAAAAAAAAAAAAAAAAAAAAAAAAAAAAAAAAAAAAAAAAEgqZnQbUmMAAAAAAAAAAAAAQADAAAJIAAAAAAAAAAAAAAAAAAAAANwZGYAABAACAAAzhQxEgAAABEACAAA0G0tbAAAAAEAGAEgSugAezTfAHpTeAAFwP4ABcCQAAISKQACAEVNYWNpbnRvc2ggSEQ6VXNlcnM6AGR3OgBEZXNrdG9wOgB0aGVzaXM6AGJpYjoAcGRmOgAyMDAxX2t1cGZlcm1hbi5wZGYAAA4AJgASADIAMAAwADEAXwBrAHUAcABmAGUAcgBtAGEAbgAuAHAAZABmAA8AGgAMAE0AYQBjAGkAbgB0AG8AcwBoACAASABEABIAMlVzZXJzL2R3L0Rlc2t0b3AvdGhlc2lzL2JpYi9wZGYvMjAwMV9rdXBmZXJtYW4ucGRmABMAAS8AABUAAgAJ//8AAIAG0hscHR5aJGNsYXNzbmFtZVgkY2xhc3Nlc11OU011dGFibGVEYXRhox0fIFZOU0RhdGFYTlNPYmplY3TSGxwiI1xOU0RpY3Rpb25hcnmiIiBfEA9OU0tleWVkQXJjaGl2ZXLRJidUcm9vdIABAAgAEQAaACMALQAyADcAQABGAE0AVQBgAGcAagBsAG4AcQBzAHUAdwCEAI4ApwCsALQCYgJkAmkCdAJ9AosCjwKWAp8CpAKxArQCxgLJAs4AAAAAAAACAQAAAAAAAAAoAAAAAAAAAAAAAAAAAAAC0A==}}

@article{2007_piterman,
	Annote = {Extended version of the conference paper with the same title from 2006},
	Author = {Piterman, N.},
	Booktitle = {Logic in Computer Science, 2006 21st Annual IEEE Symposium on},
	Date-Added = {2014-10-22 09:41:11 +0000},
	Date-Modified = {2014-10-22 11:06:13 +0000},
	Doi = {10.1109/LICS.2006.28},
	Issn = {1043-6871},
	Journal = {Logical Methods in Computer Science},
	Keywords = {Construction, Determinisation-based},
	Number = {5},
	Pages = {1-21},
	Title = {From Nondeterministic Buchi and Streett Automata to Deterministic Parity Automata},
	Volume = {3},
	Year = {2007},
	Bdsk-File-1 = {YnBsaXN0MDDUAQIDBAUGJCVYJHZlcnNpb25YJG9iamVjdHNZJGFyY2hpdmVyVCR0b3ASAAGGoKgHCBMUFRYaIVUkbnVsbNMJCgsMDxJXTlMua2V5c1pOUy5vYmplY3RzViRjbGFzc6INDoACgAOiEBGABIAFgAdccmVsYXRpdmVQYXRoWWFsaWFzRGF0YV8QF3BkZi8yMDA3X3BpdGVybWFuXzIucGRm0hcLGBlXTlMuZGF0YU8RAa4AAAAAAa4AAgAADE1hY2ludG9zaCBIRAAAAAAAAAAAAAAAAAAAAM4UTTJIKwAAASBK6BMyMDA3X3BpdGVybWFuXzIucGRmAAAAAAAAAAAAAAAAAAAAAAAAAAAAAAAAAAAAAAAAAAAAAAAAAAAAAAAAAAABIKVQ0G1G2gAAAAAAAAAAAAEAAwAACSAAAAAAAAAAAAAAAAAAAAADcGRmAAAQAAgAAM4UMRIAAAARAAgAANBtKroAAAABABgBIEroAHs03wB6U3gABcD+AAXAkAACEikAAgBGTWFjaW50b3NoIEhEOlVzZXJzOgBkdzoARGVza3RvcDoAdGhlc2lzOgBiaWI6AHBkZjoAMjAwN19waXRlcm1hbl8yLnBkZgAOACgAEwAyADAAMAA3AF8AcABpAHQAZQByAG0AYQBuAF8AMgAuAHAAZABmAA8AGgAMAE0AYQBjAGkAbgB0AG8AcwBoACAASABEABIAM1VzZXJzL2R3L0Rlc2t0b3AvdGhlc2lzL2JpYi9wZGYvMjAwN19waXRlcm1hbl8yLnBkZgAAEwABLwAAFQACAAn//wAAgAbSGxwdHlokY2xhc3NuYW1lWCRjbGFzc2VzXU5TTXV0YWJsZURhdGGjHR8gVk5TRGF0YVhOU09iamVjdNIbHCIjXE5TRGljdGlvbmFyeaIiIF8QD05TS2V5ZWRBcmNoaXZlctEmJ1Ryb290gAEACAARABoAIwAtADIANwBAAEYATQBVAGAAZwBqAGwAbgBxAHMAdQB3AIQAjgCoAK0AtQJnAmkCbgJ5AoICkAKUApsCpAKpArYCuQLLAs4C0wAAAAAAAAIBAAAAAAAAACgAAAAAAAAAAAAAAAAAAALV}}

@inproceedings{2006_piterman,
	Annote = {First publication of Piterman's construction
Extended version in 2007},
	Author = {Piterman, N.},
	Booktitle = {Logic in Computer Science, 2006 21st Annual IEEE Symposium on},
	Date-Added = {2014-10-22 09:30:14 +0000},
	Date-Modified = {2014-10-22 11:06:13 +0000},
	Doi = {10.1109/LICS.2006.28},
	Issn = {1043-6871},
	Keywords = {Construction, Determinisation-based},
	Pages = {255-264},
	Title = {From Nondeterministic Buchi and Streett Automata to Deterministic Parity Automata},
	Year = {2006},
	Bdsk-File-1 = {YnBsaXN0MDDUAQIDBAUGJCVYJHZlcnNpb25YJG9iamVjdHNZJGFyY2hpdmVyVCR0b3ASAAGGoKgHCBMUFRYaIVUkbnVsbNMJCgsMDxJXTlMua2V5c1pOUy5vYmplY3RzViRjbGFzc6INDoACgAOiEBGABIAFgAdccmVsYXRpdmVQYXRoWWFsaWFzRGF0YV8QF3BkZi8yMDA2X3BpdGVybWFuXzEucGRm0hcLGBlXTlMuZGF0YU8RAa4AAAAAAa4AAgAADE1hY2ludG9zaCBIRAAAAAAAAAAAAAAAAAAAAM4UTTJIKwAAASBK6BMyMDA2X3BpdGVybWFuXzEucGRmAAAAAAAAAAAAAAAAAAAAAAAAAAAAAAAAAAAAAAAAAAAAAAAAAAAAAAAAAAABIHDP0G1GJwAAAAAAAAAAAAEAAwAACSAAAAAAAAAAAAAAAAAAAAADcGRmAAAQAAgAAM4UMRIAAAARAAgAANBtKgcAAAABABgBIEroAHs03wB6U3gABcD+AAXAkAACEikAAgBGTWFjaW50b3NoIEhEOlVzZXJzOgBkdzoARGVza3RvcDoAdGhlc2lzOgBiaWI6AHBkZjoAMjAwNl9waXRlcm1hbl8xLnBkZgAOACgAEwAyADAAMAA2AF8AcABpAHQAZQByAG0AYQBuAF8AMQAuAHAAZABmAA8AGgAMAE0AYQBjAGkAbgB0AG8AcwBoACAASABEABIAM1VzZXJzL2R3L0Rlc2t0b3AvdGhlc2lzL2JpYi9wZGYvMjAwNl9waXRlcm1hbl8xLnBkZgAAEwABLwAAFQACAAn//wAAgAbSGxwdHlokY2xhc3NuYW1lWCRjbGFzc2VzXU5TTXV0YWJsZURhdGGjHR8gVk5TRGF0YVhOU09iamVjdNIbHCIjXE5TRGljdGlvbmFyeaIiIF8QD05TS2V5ZWRBcmNoaXZlctEmJ1Ryb290gAEACAARABoAIwAtADIANwBAAEYATQBVAGAAZwBqAGwAbgBxAHMAdQB3AIQAjgCoAK0AtQJnAmkCbgJ5AoICkAKUApsCpAKpArYCuQLLAs4C0wAAAAAAAAIBAAAAAAAAACgAAAAAAAAAAAAAAAAAAALV}}

@article{Muller199569,
	Author = {David E. Muller and Paul E. Schupp},
	Date-Added = {2014-10-22 09:24:02 +0000},
	Date-Modified = {2014-10-22 13:30:14 +0000},
	Doi = {http://dx.doi.org/10.1016/0304-3975(94)00214-4},
	Issn = {0304-3975},
	Journal = {Theoretical Computer Science},
	Keywords = {Construction, Determinisation-based},
	Number = {1--2},
	Pages = {69 - 107},
	Title = {Simulating Alternating Tree Automata by Nondeterministic Automata: New Results and New Proofs of the Theorems of Rabin, McNaughton and Safra},
	Url = {http://www.sciencedirect.com/science/article/pii/0304397594002144},
	Volume = {141},
	Year = {1995},
	Bdsk-File-1 = {YnBsaXN0MDDUAQIDBAUGJCVYJHZlcnNpb25YJG9iamVjdHNZJGFyY2hpdmVyVCR0b3ASAAGGoKgHCBMUFRYaIVUkbnVsbNMJCgsMDxJXTlMua2V5c1pOUy5vYmplY3RzViRjbGFzc6INDoACgAOiEBGABIAFgAdccmVsYXRpdmVQYXRoWWFsaWFzRGF0YV8QGnBkZi8xOTk1X211bGxlcl9zY2h1cHAucGRm0hcLGBlXTlMuZGF0YU8RAboAAAAAAboAAgAADE1hY2ludG9zaCBIRAAAAAAAAAAAAAAAAAAAAM4UTTJIKwAAASBK6BYxOTk1X211bGxlcl9zY2h1cHAucGRmAAAAAAAAAAAAAAAAAAAAAAAAAAAAAAAAAAAAAAAAAAAAAAAAAAAAAAABJPPX0G1EgAAAAAAAAAAAAAEAAwAACSAAAAAAAAAAAAAAAAAAAAADcGRmAAAQAAgAAM4UMRIAAAARAAgAANBtKGAAAAABABgBIEroAHs03wB6U3gABcD+AAXAkAACEikAAgBJTWFjaW50b3NoIEhEOlVzZXJzOgBkdzoARGVza3RvcDoAdGhlc2lzOgBiaWI6AHBkZjoAMTk5NV9tdWxsZXJfc2NodXBwLnBkZgAADgAuABYAMQA5ADkANQBfAG0AdQBsAGwAZQByAF8AcwBjAGgAdQBwAHAALgBwAGQAZgAPABoADABNAGEAYwBpAG4AdABvAHMAaAAgAEgARAASADZVc2Vycy9kdy9EZXNrdG9wL3RoZXNpcy9iaWIvcGRmLzE5OTVfbXVsbGVyX3NjaHVwcC5wZGYAEwABLwAAFQACAAn//wAAgAbSGxwdHlokY2xhc3NuYW1lWCRjbGFzc2VzXU5TTXV0YWJsZURhdGGjHR8gVk5TRGF0YVhOU09iamVjdNIbHCIjXE5TRGljdGlvbmFyeaIiIF8QD05TS2V5ZWRBcmNoaXZlctEmJ1Ryb290gAEACAARABoAIwAtADIANwBAAEYATQBVAGAAZwBqAGwAbgBxAHMAdQB3AIQAjgCrALAAuAJ2AngCfQKIApECnwKjAqoCswK4AsUCyALaAt0C4gAAAAAAAAIBAAAAAAAAACgAAAAAAAAAAAAAAAAAAALk}}

@conference{buchi1960decision,
	Annote = {Introduction of B{\"u}chi automata
First complementation construction for NBW (Ramsey-based)
Proof that NBW are closed under complementation

Text not accessible},
	Author = {B{\"u}chi, Julius Richard},
	Booktitle = {Proc. International Congress on Logic, Method, and Philosophy of Science, 1960},
	Date-Added = {2014-10-22 09:16:13 +0000},
	Date-Modified = {2014-10-22 11:06:13 +0000},
	Keywords = {Construction, Ramsey-based, Seminal},
	Publisher = {Stanford University Press},
	Title = {On a Decision Method in Restricted Second Order Arithmetic},
	Year = {1962}}

@book{hopcroft2006automata,
	Author = {Hopcroft, John E and Motwani, Rajeev and Ullman, Jeffrey D},
	Date-Added = {2014-10-22 08:56:45 +0000},
	Date-Modified = {2014-10-22 13:22:26 +0000},
	Edition = {2nd edition},
	Keywords = {Basics},
	Publisher = {Addison-Wesley},
	Title = {Introduction to Automata Theory, Languages, and Computation},
	Year = {2001}}

@book{baier2008principles,
	Author = {Baier, Christel and Katoen, Joost-Pieter and others},
	Date-Added = {2014-10-22 08:54:07 +0000},
	Date-Modified = {2014-10-22 11:06:13 +0000},
	Keywords = {Model Checking},
	Publisher = {MIT press Cambridge},
	Title = {Principles of Model Checking},
	Year = {2008}}

@book{ben2012mathematical,
	Author = {Ben-Ari, Mordechai},
	Date-Added = {2014-10-22 08:51:16 +0000},
	Date-Modified = {2014-10-22 11:06:14 +0000},
	Edition = {3rd edition},
	Keywords = {Model Checking},
	Publisher = {Springer},
	Title = {Mathematical Logic for Computer Science},
	Year = {2012}}

@book{huth2004logic,
	Author = {Huth, Michael and Ryan, Mark},
	Date-Added = {2014-10-22 08:49:34 +0000},
	Date-Modified = {2014-10-22 11:06:13 +0000},
	Keywords = {Model Checking},
	Publisher = {Cambridge University Press},
	Title = {Logic in Computer Science: Modelling and Reasoning about Systems},
	Year = {2004}}

@incollection{2008_emerson_model_checking,
	Author = {Emerson, E.Allen},
	Booktitle = {25 Years of Model Checking},
	Date-Added = {2014-10-22 08:44:39 +0000},
	Date-Modified = {2014-10-22 11:06:13 +0000},
	Doi = {10.1007/978-3-540-69850-0_2},
	Editor = {Grumberg, Orna and Veith, Helmut},
	Isbn = {978-3-540-69849-4},
	Keywords = {Model Checking},
	Language = {English},
	Pages = {27-45},
	Publisher = {Springer Berlin Heidelberg},
	Series = {Lecture Notes in Computer Science},
	Title = {The Beginning of Model Checking: A Personal Perspective},
	Url = {http://dx.doi.org/10.1007/978-3-540-69850-0_2},
	Volume = {5000},
	Year = {2008},
	Bdsk-File-1 = {YnBsaXN0MDDUAQIDBAUGJCVYJHZlcnNpb25YJG9iamVjdHNZJGFyY2hpdmVyVCR0b3ASAAGGoKgHCBMUFRYaIVUkbnVsbNMJCgsMDxJXTlMua2V5c1pOUy5vYmplY3RzViRjbGFzc6INDoACgAOiEBGABIAFgAdccmVsYXRpdmVQYXRoWWFsaWFzRGF0YV8QFHBkZi8yMDA4X2VtZXJzb24ucGRm0hcLGBlXTlMuZGF0YU8RAaIAAAAAAaIAAgAADE1hY2ludG9zaCBIRAAAAAAAAAAAAAAAAAAAAM4UTTJIKwAAASBK6BAyMDA4X2VtZXJzb24ucGRmAAAAAAAAAAAAAAAAAAAAAAAAAAAAAAAAAAAAAAAAAAAAAAAAAAAAAAAAAAAAAAAA3915z/mjkgAAAAAAAAAAAAEAAwAACSAAAAAAAAAAAAAAAAAAAAADcGRmAAAQAAgAAM4UMRIAAAARAAgAAM/5h3IAAAABABgBIEroAHs03wB6U3gABcD+AAXAkAACEikAAgBDTWFjaW50b3NoIEhEOlVzZXJzOgBkdzoARGVza3RvcDoAdGhlc2lzOgBiaWI6AHBkZjoAMjAwOF9lbWVyc29uLnBkZgAADgAiABAAMgAwADAAOABfAGUAbQBlAHIAcwBvAG4ALgBwAGQAZgAPABoADABNAGEAYwBpAG4AdABvAHMAaAAgAEgARAASADBVc2Vycy9kdy9EZXNrdG9wL3RoZXNpcy9iaWIvcGRmLzIwMDhfZW1lcnNvbi5wZGYAEwABLwAAFQACAAn//wAAgAbSGxwdHlokY2xhc3NuYW1lWCRjbGFzc2VzXU5TTXV0YWJsZURhdGGjHR8gVk5TRGF0YVhOU09iamVjdNIbHCIjXE5TRGljdGlvbmFyeaIiIF8QD05TS2V5ZWRBcmNoaXZlctEmJ1Ryb290gAEACAARABoAIwAtADIANwBAAEYATQBVAGAAZwBqAGwAbgBxAHMAdQB3AIQAjgClAKoAsgJYAloCXwJqAnMCgQKFAowClQKaAqcCqgK8Ar8CxAAAAAAAAAIBAAAAAAAAACgAAAAAAAAAAAAAAAAAAALG}}

@incollection{2008_clarke_model_checking,
	Author = {Clarke, EdmundM.},
	Booktitle = {25 Years of Model Checking},
	Date-Added = {2014-10-22 08:43:10 +0000},
	Date-Modified = {2014-10-22 11:06:13 +0000},
	Doi = {10.1007/978-3-540-69850-0_1},
	Editor = {Grumberg, Orna and Veith, Helmut},
	Isbn = {978-3-540-69849-4},
	Keywords = {Model Checking},
	Language = {English},
	Pages = {1-26},
	Publisher = {Springer Berlin Heidelberg},
	Series = {Lecture Notes in Computer Science},
	Title = {The Birth of Model Checking},
	Url = {http://dx.doi.org/10.1007/978-3-540-69850-0_1},
	Volume = {5000},
	Year = {2008},
	Bdsk-File-1 = {YnBsaXN0MDDUAQIDBAUGJCVYJHZlcnNpb25YJG9iamVjdHNZJGFyY2hpdmVyVCR0b3ASAAGGoKgHCBMUFRYaIVUkbnVsbNMJCgsMDxJXTlMua2V5c1pOUy5vYmplY3RzViRjbGFzc6INDoACgAOiEBGABIAFgAdccmVsYXRpdmVQYXRoWWFsaWFzRGF0YV8QE3BkZi8yMDA4X2NsYXJrZS5wZGbSFwsYGVdOUy5kYXRhTxEBngAAAAABngACAAAMTWFjaW50b3NoIEhEAAAAAAAAAAAAAAAAAAAAzhRNMkgrAAABIEroDzIwMDhfY2xhcmtlLnBkZgAAAAAAAAAAAAAAAAAAAAAAAAAAAAAAAAAAAAAAAAAAAAAAAAAAAAAAAAAAAAAAAADf3cfP+aG/AAAAAAAAAAAAAQADAAAJIAAAAAAAAAAAAAAAAAAAAANwZGYAABAACAAAzhQxEgAAABEACAAAz/mFnwAAAAEAGAEgSugAezTfAHpTeAAFwP4ABcCQAAISKQACAEJNYWNpbnRvc2ggSEQ6VXNlcnM6AGR3OgBEZXNrdG9wOgB0aGVzaXM6AGJpYjoAcGRmOgAyMDA4X2NsYXJrZS5wZGYADgAgAA8AMgAwADAAOABfAGMAbABhAHIAawBlAC4AcABkAGYADwAaAAwATQBhAGMAaQBuAHQAbwBzAGgAIABIAEQAEgAvVXNlcnMvZHcvRGVza3RvcC90aGVzaXMvYmliL3BkZi8yMDA4X2NsYXJrZS5wZGYAABMAAS8AABUAAgAJ//8AAIAG0hscHR5aJGNsYXNzbmFtZVgkY2xhc3Nlc11OU011dGFibGVEYXRhox0fIFZOU0RhdGFYTlNPYmplY3TSGxwiI1xOU0RpY3Rpb25hcnmiIiBfEA9OU0tleWVkQXJjaGl2ZXLRJidUcm9vdIABAAgAEQAaACMALQAyADcAQABGAE0AVQBgAGcAagBsAG4AcQBzAHUAdwCEAI4ApACpALECUwJVAloCZQJuAnwCgAKHApAClQKiAqUCtwK6Ar8AAAAAAAACAQAAAAAAAAAoAAAAAAAAAAAAAAAAAAACwQ==}}

@incollection{2007_vardi_model_checking,
	Author = {Vardi, MosheY.},
	Booktitle = {Verification, Model Checking, and Abstract Interpretation},
	Date-Added = {2014-10-22 08:40:44 +0000},
	Date-Modified = {2014-10-22 11:06:13 +0000},
	Doi = {10.1007/978-3-540-69738-1_10},
	Editor = {Cook, Byron and Podelski, Andreas},
	Isbn = {978-3-540-69735-0},
	Keywords = {Model Checking},
	Language = {English},
	Pages = {137-150},
	Publisher = {Springer Berlin Heidelberg},
	Series = {Lecture Notes in Computer Science},
	Title = {Automata-Theoretic Model Checking Revisited},
	Url = {http://dx.doi.org/10.1007/978-3-540-69738-1_10},
	Volume = {4349},
	Year = {2007},
	Bdsk-File-1 = {YnBsaXN0MDDUAQIDBAUGJCVYJHZlcnNpb25YJG9iamVjdHNZJGFyY2hpdmVyVCR0b3ASAAGGoKgHCBMUFRYaIVUkbnVsbNMJCgsMDxJXTlMua2V5c1pOUy5vYmplY3RzViRjbGFzc6INDoACgAOiEBGABIAFgAdccmVsYXRpdmVQYXRoWWFsaWFzRGF0YV8QIXBkZi8yMDA3X3ZhcmRpX21vZGVsX2NoZWNraW5nLnBkZtIXCxgZV05TLmRhdGFPEQHWAAAAAAHWAAIAAAxNYWNpbnRvc2ggSEQAAAAAAAAAAAAAAAAAAADOFE0ySCsAAAEgSugdMjAwN192YXJkaV9tb2RlbF9jaGVja2luZy5wZGYAAAAAAAAAAAAAAAAAAAAAAAAAAAAAAAAAAAAAAAAAAAAAARQgRtBM0hYAAAAAAAAAAAABAAMAAAkgAAAAAAAAAAAAAAAAAAAAA3BkZgAAEAAIAADOFDESAAAAEQAIAADQTLX2AAAAAQAYASBK6AB7NN8AelN4AAXA/gAFwJAAAhIpAAIAUE1hY2ludG9zaCBIRDpVc2VyczoAZHc6AERlc2t0b3A6AHRoZXNpczoAYmliOgBwZGY6ADIwMDdfdmFyZGlfbW9kZWxfY2hlY2tpbmcucGRmAA4APAAdADIAMAAwADcAXwB2AGEAcgBkAGkAXwBtAG8AZABlAGwAXwBjAGgAZQBjAGsAaQBuAGcALgBwAGQAZgAPABoADABNAGEAYwBpAG4AdABvAHMAaAAgAEgARAASAD1Vc2Vycy9kdy9EZXNrdG9wL3RoZXNpcy9iaWIvcGRmLzIwMDdfdmFyZGlfbW9kZWxfY2hlY2tpbmcucGRmAAATAAEvAAAVAAIACf//AACABtIbHB0eWiRjbGFzc25hbWVYJGNsYXNzZXNdTlNNdXRhYmxlRGF0YaMdHyBWTlNEYXRhWE5TT2JqZWN00hscIiNcTlNEaWN0aW9uYXJ5oiIgXxAPTlNLZXllZEFyY2hpdmVy0SYnVHJvb3SAAQAIABEAGgAjAC0AMgA3AEAARgBNAFUAYABnAGoAbABuAHEAcwB1AHcAhACOALIAtwC/ApkCmwKgAqsCtALCAsYCzQLWAtsC6ALrAv0DAAMFAAAAAAAAAgEAAAAAAAAAKAAAAAAAAAAAAAAAAAAAAwc=}}

@incollection{1999_mueller_model_checking,
	Author = {M{\"u}ller-Olm, Markus and Schmidt, David and Steffen, Bernhard},
	Booktitle = {Static Analysis},
	Date-Added = {2014-10-22 08:38:43 +0000},
	Date-Modified = {2014-10-22 11:06:13 +0000},
	Doi = {10.1007/3-540-48294-6_22},
	Editor = {Cortesi, Agostino and Fil{\'e}, Gilberto},
	Isbn = {978-3-540-66459-8},
	Keywords = {Model Checking},
	Language = {English},
	Pages = {330-354},
	Publisher = {Springer Berlin Heidelberg},
	Series = {Lecture Notes in Computer Science},
	Title = {Model-Checking: A Tutorial Introduction},
	Url = {http://dx.doi.org/10.1007/3-540-48294-6_22},
	Volume = {1694},
	Year = {1999},
	Bdsk-File-1 = {YnBsaXN0MDDUAQIDBAUGJCVYJHZlcnNpb25YJG9iamVjdHNZJGFyY2hpdmVyVCR0b3ASAAGGoKgHCBMUFRYaIVUkbnVsbNMJCgsMDxJXTlMua2V5c1pOUy5vYmplY3RzViRjbGFzc6INDoACgAOiEBGABIAFgAdccmVsYXRpdmVQYXRoWWFsaWFzRGF0YV8QFHBkZi8xOTk5X211ZWxsZXIucGRm0hcLGBlXTlMuZGF0YU8RAaIAAAAAAaIAAgAADE1hY2ludG9zaCBIRAAAAAAAAAAAAAAAAAAAAM4UTTJIKwAAASBK6BAxOTk5X211ZWxsZXIucGRmAAAAAAAAAAAAAAAAAAAAAAAAAAAAAAAAAAAAAAAAAAAAAAAAAAAAAAAAAAAAAAAAtY+0z0eUWgAAAAAAAAAAAAEAAwAACSAAAAAAAAAAAAAAAAAAAAADcGRmAAAQAAgAAM4UMRIAAAARAAgAAM9HhkoAAAABABgBIEroAHs03wB6U3gABcD+AAXAkAACEikAAgBDTWFjaW50b3NoIEhEOlVzZXJzOgBkdzoARGVza3RvcDoAdGhlc2lzOgBiaWI6AHBkZjoAMTk5OV9tdWVsbGVyLnBkZgAADgAiABAAMQA5ADkAOQBfAG0AdQBlAGwAbABlAHIALgBwAGQAZgAPABoADABNAGEAYwBpAG4AdABvAHMAaAAgAEgARAASADBVc2Vycy9kdy9EZXNrdG9wL3RoZXNpcy9iaWIvcGRmLzE5OTlfbXVlbGxlci5wZGYAEwABLwAAFQACAAn//wAAgAbSGxwdHlokY2xhc3NuYW1lWCRjbGFzc2VzXU5TTXV0YWJsZURhdGGjHR8gVk5TRGF0YVhOU09iamVjdNIbHCIjXE5TRGljdGlvbmFyeaIiIF8QD05TS2V5ZWRBcmNoaXZlctEmJ1Ryb290gAEACAARABoAIwAtADIANwBAAEYATQBVAGAAZwBqAGwAbgBxAHMAdQB3AIQAjgClAKoAsgJYAloCXwJqAnMCgQKFAowClQKaAqcCqgK8Ar8CxAAAAAAAAAIBAAAAAAAAACgAAAAAAAAAAAAAAAAAAALG}}

@incollection{1995_tasiran,
	Author = {Ta{\c S}iran, Serdar and Hojati, Ramin and Brayton, RobertK.},
	Booktitle = {Correct Hardware Design and Verification Methods},
	Date-Added = {2014-10-22 08:36:38 +0000},
	Date-Modified = {2014-10-22 15:50:31 +0000},
	Doi = {10.1007/3-540-60385-9_16},
	Editor = {Camurati, PaoloE. and Eveking, Hans},
	Isbn = {978-3-540-60385-6},
	Keywords = {About Safra, Experimental},
	Language = {English},
	Pages = {261-277},
	Publisher = {Springer Berlin Heidelberg},
	Series = {Lecture Notes in Computer Science},
	Title = {Language Containment of Non-Deterministic {$\omega$}-Automata},
	Url = {http://dx.doi.org/10.1007/3-540-60385-9_16},
	Volume = {987},
	Year = {1995},
	Bdsk-File-1 = {YnBsaXN0MDDUAQIDBAUGJCVYJHZlcnNpb25YJG9iamVjdHNZJGFyY2hpdmVyVCR0b3ASAAGGoKgHCBMUFRYaIVUkbnVsbNMJCgsMDxJXTlMua2V5c1pOUy5vYmplY3RzViRjbGFzc6INDoACgAOiEBGABIAFgAdccmVsYXRpdmVQYXRoWWFsaWFzRGF0YV8QFHBkZi8xOTk1X3Rhc2lyYW4ucGRm0hcLGBlXTlMuZGF0YU8RAaIAAAAAAaIAAgAADE1hY2ludG9zaCBIRAAAAAAAAAAAAAAAAAAAAM4UTTJIKwAAASBK6BAxOTk1X3Rhc2lyYW4ucGRmAAAAAAAAAAAAAAAAAAAAAAAAAAAAAAAAAAAAAAAAAAAAAAAAAAAAAAAAAAAAAAABIUBu0EzRZgAAAAAAAAAAAAEAAwAACSAAAAAAAAAAAAAAAAAAAAADcGRmAAAQAAgAAM4UMRIAAAARAAgAANBMtUYAAAABABgBIEroAHs03wB6U3gABcD+AAXAkAACEikAAgBDTWFjaW50b3NoIEhEOlVzZXJzOgBkdzoARGVza3RvcDoAdGhlc2lzOgBiaWI6AHBkZjoAMTk5NV90YXNpcmFuLnBkZgAADgAiABAAMQA5ADkANQBfAHQAYQBzAGkAcgBhAG4ALgBwAGQAZgAPABoADABNAGEAYwBpAG4AdABvAHMAaAAgAEgARAASADBVc2Vycy9kdy9EZXNrdG9wL3RoZXNpcy9iaWIvcGRmLzE5OTVfdGFzaXJhbi5wZGYAEwABLwAAFQACAAn//wAAgAbSGxwdHlokY2xhc3NuYW1lWCRjbGFzc2VzXU5TTXV0YWJsZURhdGGjHR8gVk5TRGF0YVhOU09iamVjdNIbHCIjXE5TRGljdGlvbmFyeaIiIF8QD05TS2V5ZWRBcmNoaXZlctEmJ1Ryb290gAEACAARABoAIwAtADIANwBAAEYATQBVAGAAZwBqAGwAbgBxAHMAdQB3AIQAjgClAKoAsgJYAloCXwJqAnMCgQKFAowClQKaAqcCqgK8Ar8CxAAAAAAAAAIBAAAAAAAAACgAAAAAAAAAAAAAAAAAAALG}}

@incollection{2011_buchi_store,
	Author = {Tsay, Yih-Kuen and Tsai, Ming-Hsien and Chang, Jinn-Shu and Chang, Yi-Wen},
	Booktitle = {Tools and Algorithms for the Construction and Analysis of Systems},
	Date-Added = {2014-10-22 08:12:12 +0000},
	Date-Modified = {2015-06-29 22:08:34 +0000},
	Doi = {10.1007/978-3-642-19835-9_23},
	Editor = {Abdulla, ParoshAziz and Leino, K.RustanM.},
	Isbn = {978-3-642-19834-2},
	Keywords = {GOAL, Experimental},
	Language = {English},
	Pages = {262-266},
	Publisher = {Springer Berlin Heidelberg},
	Rating = {0},
	Read = {1},
	Series = {Lecture Notes in Computer Science},
	Title = {B{\"u}chi Store: An Open Repository of B{\"u}chi Automata},
	Url = {http://dx.doi.org/10.1007/978-3-642-19835-9_23},
	Volume = {6605},
	Year = {2011},
	Bdsk-File-1 = {YnBsaXN0MDDUAQIDBAUGJCVYJHZlcnNpb25YJG9iamVjdHNZJGFyY2hpdmVyVCR0b3ASAAGGoKgHCBMUFRYaIVUkbnVsbNMJCgsMDxJXTlMua2V5c1pOUy5vYmplY3RzViRjbGFzc6INDoACgAOiEBGABIAFgAdccmVsYXRpdmVQYXRoWWFsaWFzRGF0YV8QHXBkZi8yMDExX3RzYXlfYnVjaGlfc3RvcmUucGRm0hcLGBlXTlMuZGF0YU8RAcYAAAAAAcYAAgAADE1hY2ludG9zaCBIRAAAAAAAAAAAAAAAAAAAAM4UTTJIKwAAASBK6BkyMDExX3RzYXlfYnVjaGlfc3RvcmUucGRmAAAAAAAAAAAAAAAAAAAAAAAAAAAAAAAAAAAAAAAAAAAAAAAAAAAAhuTAz2R7wQAAAAAAAAAAAAEAAwAACSAAAAAAAAAAAAAAAAAAAAADcGRmAAAQAAgAAM4UMRIAAAARAAgAAM9kX6EAAAABABgBIEroAHs03wB6U3gABcD+AAXAkAACEikAAgBMTWFjaW50b3NoIEhEOlVzZXJzOgBkdzoARGVza3RvcDoAdGhlc2lzOgBiaWI6AHBkZjoAMjAxMV90c2F5X2J1Y2hpX3N0b3JlLnBkZgAOADQAGQAyADAAMQAxAF8AdABzAGEAeQBfAGIAdQBjAGgAaQBfAHMAdABvAHIAZQAuAHAAZABmAA8AGgAMAE0AYQBjAGkAbgB0AG8AcwBoACAASABEABIAOVVzZXJzL2R3L0Rlc2t0b3AvdGhlc2lzL2JpYi9wZGYvMjAxMV90c2F5X2J1Y2hpX3N0b3JlLnBkZgAAEwABLwAAFQACAAn//wAAgAbSGxwdHlokY2xhc3NuYW1lWCRjbGFzc2VzXU5TTXV0YWJsZURhdGGjHR8gVk5TRGF0YVhOU09iamVjdNIbHCIjXE5TRGljdGlvbmFyeaIiIF8QD05TS2V5ZWRBcmNoaXZlctEmJ1Ryb290gAEACAARABoAIwAtADIANwBAAEYATQBVAGAAZwBqAGwAbgBxAHMAdQB3AIQAjgCuALMAuwKFAocCjAKXAqACrgKyArkCwgLHAtQC1wLpAuwC8QAAAAAAAAIBAAAAAAAAACgAAAAAAAAAAAAAAAAAAALz}}

@incollection{2008_goal_ext,
	Annote = {Small complementation experiment in GOAL comparing Safra, WAPA, WAA, and Piterman.

Test data: 300 automata with an average size of 5.4 that have been generated by generating PTL formulas and translating them to B{\"u}chi automata.},
	Author = {Tsay, Yih-Kuen and Chen, Yu-Fang and Tsai, Ming-Hsien and Chan, Wen-Chin and Luo, Chi-Jian},
	Booktitle = {Tools and Algorithms for the Construction and Analysis of Systems},
	Date-Added = {2014-10-22 08:09:03 +0000},
	Date-Modified = {2015-06-29 22:21:14 +0000},
	Doi = {10.1007/978-3-540-78800-3_26},
	Editor = {Ramakrishnan, C.R. and Rehof, Jakob},
	Isbn = {978-3-540-78799-0},
	Keywords = {GOAL, Experimental},
	Language = {English},
	Pages = {346-350},
	Publisher = {Springer Berlin Heidelberg},
	Read = {1},
	Series = {Lecture Notes in Computer Science},
	Title = {Goal Extended: Towards a Research Tool for Omega Automata and Temporal Logic},
	Url = {http://dx.doi.org/10.1007/978-3-540-78800-3_26},
	Volume = {4963},
	Year = {2008},
	Bdsk-File-1 = {YnBsaXN0MDDUAQIDBAUGJCVYJHZlcnNpb25YJG9iamVjdHNZJGFyY2hpdmVyVCR0b3ASAAGGoKgHCBMUFRYaIVUkbnVsbNMJCgsMDxJXTlMua2V5c1pOUy5vYmplY3RzViRjbGFzc6INDoACgAOiEBGABIAFgAdccmVsYXRpdmVQYXRoWWFsaWFzRGF0YV8QH3BkZi8yMDA4X3RzYXlfZ29hbF9leHRlbmRlZC5wZGbSFwsYGVdOUy5kYXRhTxEBzgAAAAABzgACAAAMTWFjaW50b3NoIEhEAAAAAAAAAAAAAAAAAAAAzhRNMkgrAAABIEroGzIwMDhfdHNheV9nb2FsX2V4dGVuZGVkLnBkZgAAAAAAAAAAAAAAAAAAAAAAAAAAAAAAAAAAAAAAAAAAAAAAAAGj3dfPZH3lAAAAAAAAAAAAAQADAAAJIAAAAAAAAAAAAAAAAAAAAANwZGYAABAACAAAzhQxEgAAABEACAAAz2RhxQAAAAEAGAEgSugAezTfAHpTeAAFwP4ABcCQAAISKQACAE5NYWNpbnRvc2ggSEQ6VXNlcnM6AGR3OgBEZXNrdG9wOgB0aGVzaXM6AGJpYjoAcGRmOgAyMDA4X3RzYXlfZ29hbF9leHRlbmRlZC5wZGYADgA4ABsAMgAwADAAOABfAHQAcwBhAHkAXwBnAG8AYQBsAF8AZQB4AHQAZQBuAGQAZQBkAC4AcABkAGYADwAaAAwATQBhAGMAaQBuAHQAbwBzAGgAIABIAEQAEgA7VXNlcnMvZHcvRGVza3RvcC90aGVzaXMvYmliL3BkZi8yMDA4X3RzYXlfZ29hbF9leHRlbmRlZC5wZGYAABMAAS8AABUAAgAJ//8AAIAG0hscHR5aJGNsYXNzbmFtZVgkY2xhc3Nlc11OU011dGFibGVEYXRhox0fIFZOU0RhdGFYTlNPYmplY3TSGxwiI1xOU0RpY3Rpb25hcnmiIiBfEA9OU0tleWVkQXJjaGl2ZXLRJidUcm9vdIABAAgAEQAaACMALQAyADcAQABGAE0AVQBgAGcAagBsAG4AcQBzAHUAdwCEAI4AsAC1AL0CjwKRApYCoQKqArgCvALDAswC0QLeAuEC8wL2AvsAAAAAAAACAQAAAAAAAAAoAAAAAAAAAAAAAAAAAAAC/Q==}}

@incollection{2007_goal,
	Author = {Tsay, Yih-Kuen and Chen, Yu-Fang and Tsai, Ming-Hsien and Wu, Kang-Nien and Chan, Wen-Chin},
	Booktitle = {Tools and Algorithms for the Construction and Analysis of Systems},
	Date-Added = {2014-10-22 08:06:52 +0000},
	Date-Modified = {2014-10-22 11:06:13 +0000},
	Doi = {10.1007/978-3-540-71209-1_35},
	Editor = {Grumberg, Orna and Huth, Michael},
	Isbn = {978-3-540-71208-4},
	Keywords = {GOAL},
	Language = {English},
	Pages = {466-471},
	Publisher = {Springer Berlin Heidelberg},
	Series = {Lecture Notes in Computer Science},
	Title = {Goal: A Graphical Tool for Manipulating B{\"u}chi Automata and Temporal Formulae},
	Url = {http://dx.doi.org/10.1007/978-3-540-71209-1_35},
	Volume = {4424},
	Year = {2007},
	Bdsk-File-1 = {YnBsaXN0MDDUAQIDBAUGJCVYJHZlcnNpb25YJG9iamVjdHNZJGFyY2hpdmVyVCR0b3ASAAGGoKgHCBMUFRYaIVUkbnVsbNMJCgsMDxJXTlMua2V5c1pOUy5vYmplY3RzViRjbGFzc6INDoACgAOiEBGABIAFgAdccmVsYXRpdmVQYXRoWWFsaWFzRGF0YV8QFnBkZi8yMDA3X3RzYXlfZ29hbC5wZGbSFwsYGVdOUy5kYXRhTxEBqgAAAAABqgACAAAMTWFjaW50b3NoIEhEAAAAAAAAAAAAAAAAAAAAzhRNMkgrAAABIEroEjIwMDdfdHNheV9nb2FsLnBkZgAAAAAAAAAAAAAAAAAAAAAAAAAAAAAAAAAAAAAAAAAAAAAAAAAAAAAAAAAAAACM0XvPZH4lAAAAAAAAAAAAAQADAAAJIAAAAAAAAAAAAAAAAAAAAANwZGYAABAACAAAzhQxEgAAABEACAAAz2RiBQAAAAEAGAEgSugAezTfAHpTeAAFwP4ABcCQAAISKQACAEVNYWNpbnRvc2ggSEQ6VXNlcnM6AGR3OgBEZXNrdG9wOgB0aGVzaXM6AGJpYjoAcGRmOgAyMDA3X3RzYXlfZ29hbC5wZGYAAA4AJgASADIAMAAwADcAXwB0AHMAYQB5AF8AZwBvAGEAbAAuAHAAZABmAA8AGgAMAE0AYQBjAGkAbgB0AG8AcwBoACAASABEABIAMlVzZXJzL2R3L0Rlc2t0b3AvdGhlc2lzL2JpYi9wZGYvMjAwN190c2F5X2dvYWwucGRmABMAAS8AABUAAgAJ//8AAIAG0hscHR5aJGNsYXNzbmFtZVgkY2xhc3Nlc11OU011dGFibGVEYXRhox0fIFZOU0RhdGFYTlNPYmplY3TSGxwiI1xOU0RpY3Rpb25hcnmiIiBfEA9OU0tleWVkQXJjaGl2ZXLRJidUcm9vdIABAAgAEQAaACMALQAyADcAQABGAE0AVQBgAGcAagBsAG4AcQBzAHUAdwCEAI4ApwCsALQCYgJkAmkCdAJ9AosCjwKWAp8CpAKxArQCxgLJAs4AAAAAAAACAQAAAAAAAAAoAAAAAAAAAAAAAAAAAAAC0A==}}

@inproceedings{schewe2009buchi,
	Author = {Schewe, Sven},
	Booktitle = {26th International Symposium on Theoretical Aspects of Computer Science-STACS 2009},
	Date-Added = {2014-10-21 18:33:27 +0000},
	Date-Modified = {2014-10-22 11:06:14 +0000},
	Keywords = {Construction, Rank-based},
	Pages = {661--672},
	Title = {B{\"u}chi Complementation Made Tight},
	Year = {2009},
	Bdsk-File-1 = {YnBsaXN0MDDUAQIDBAUGJCVYJHZlcnNpb25YJG9iamVjdHNZJGFyY2hpdmVyVCR0b3ASAAGGoKgHCBMUFRYaIVUkbnVsbNMJCgsMDxJXTlMua2V5c1pOUy5vYmplY3RzViRjbGFzc6INDoACgAOiEBGABIAFgAdccmVsYXRpdmVQYXRoWWFsaWFzRGF0YV8QHnBkZi8yMDA5X3NjaGV3ZV9tYWRlX3RpZ2h0LnBkZtIXCxgZV05TLmRhdGFPEQHKAAAAAAHKAAIAAAxNYWNpbnRvc2ggSEQAAAAAAAAAAAAAAAAAAADOFE0ySCsAAAEgSugaMjAwOV9zY2hld2VfbWFkZV90aWdodC5wZGYAAAAAAAAAAAAAAAAAAAAAAAAAAAAAAAAAAAAAAAAAAAAAAAAAASGAhc9SRYsAAAAAAAAAAAABAAMAAAkgAAAAAAAAAAAAAAAAAAAAA3BkZgAAEAAIAADOFDESAAAAEQAIAADPUjd7AAAAAQAYASBK6AB7NN8AelN4AAXA/gAFwJAAAhIpAAIATU1hY2ludG9zaCBIRDpVc2VyczoAZHc6AERlc2t0b3A6AHRoZXNpczoAYmliOgBwZGY6ADIwMDlfc2NoZXdlX21hZGVfdGlnaHQucGRmAAAOADYAGgAyADAAMAA5AF8AcwBjAGgAZQB3AGUAXwBtAGEAZABlAF8AdABpAGcAaAB0AC4AcABkAGYADwAaAAwATQBhAGMAaQBuAHQAbwBzAGgAIABIAEQAEgA6VXNlcnMvZHcvRGVza3RvcC90aGVzaXMvYmliL3BkZi8yMDA5X3NjaGV3ZV9tYWRlX3RpZ2h0LnBkZgATAAEvAAAVAAIACf//AACABtIbHB0eWiRjbGFzc25hbWVYJGNsYXNzZXNdTlNNdXRhYmxlRGF0YaMdHyBWTlNEYXRhWE5TT2JqZWN00hscIiNcTlNEaWN0aW9uYXJ5oiIgXxAPTlNLZXllZEFyY2hpdmVy0SYnVHJvb3SAAQAIABEAGgAjAC0AMgA3AEAARgBNAFUAYABnAGoAbABuAHEAcwB1AHcAhACOAK8AtAC8AooCjAKRApwCpQKzArcCvgLHAswC2QLcAu4C8QL2AAAAAAAAAgEAAAAAAAAAKAAAAAAAAAAAAAAAAAAAAvg=}}

@article{1988_safra_2,
	Annote = {Journal version},
	Author = {Safra, S.},
	Date-Added = {2014-10-21 18:28:27 +0000},
	Date-Modified = {2014-10-22 11:06:13 +0000},
	Doi = {10.1109/SFCS.1988.21948},
	Journal = {Journal of Computer and System Science},
	Keywords = {Construction, Determinisation-based, Safra},
	Title = {On the Complexity of Omega-Automata},
	Year = {1988},
	Bdsk-File-1 = {YnBsaXN0MDDUAQIDBAUGJCVYJHZlcnNpb25YJG9iamVjdHNZJGFyY2hpdmVyVCR0b3ASAAGGoKgHCBMUFRYaIVUkbnVsbNMJCgsMDxJXTlMua2V5c1pOUy5vYmplY3RzViRjbGFzc6INDoACgAOiEBGABIAFgAdccmVsYXRpdmVQYXRoWWFsaWFzRGF0YV8QFHBkZi8xOTg4X3NhZnJhXzIucGRm0hcLGBlXTlMuZGF0YU8RAaIAAAAAAaIAAgAADE1hY2ludG9zaCBIRAAAAAAAAAAAAAAAAAAAAM4UTTJIKwAAASBK6BAxOTg4X3NhZnJhXzIucGRmAAAAAAAAAAAAAAAAAAAAAAAAAAAAAAAAAAAAAAAAAAAAAAAAAAAAAAAAAAAAAAAAhCbyz2CvTAAAAAAAAAAAAAEAAwAACSAAAAAAAAAAAAAAAAAAAAADcGRmAAAQAAgAAM4UMRIAAAARAAgAAM9gkywAAAABABgBIEroAHs03wB6U3gABcD+AAXAkAACEikAAgBDTWFjaW50b3NoIEhEOlVzZXJzOgBkdzoARGVza3RvcDoAdGhlc2lzOgBiaWI6AHBkZjoAMTk4OF9zYWZyYV8yLnBkZgAADgAiABAAMQA5ADgAOABfAHMAYQBmAHIAYQBfADIALgBwAGQAZgAPABoADABNAGEAYwBpAG4AdABvAHMAaAAgAEgARAASADBVc2Vycy9kdy9EZXNrdG9wL3RoZXNpcy9iaWIvcGRmLzE5ODhfc2FmcmFfMi5wZGYAEwABLwAAFQACAAn//wAAgAbSGxwdHlokY2xhc3NuYW1lWCRjbGFzc2VzXU5TTXV0YWJsZURhdGGjHR8gVk5TRGF0YVhOU09iamVjdNIbHCIjXE5TRGljdGlvbmFyeaIiIF8QD05TS2V5ZWRBcmNoaXZlctEmJ1Ryb290gAEACAARABoAIwAtADIANwBAAEYATQBVAGAAZwBqAGwAbgBxAHMAdQB3AIQAjgClAKoAsgJYAloCXwJqAnMCgQKFAowClQKaAqcCqgK8Ar8CxAAAAAAAAAIBAAAAAAAAACgAAAAAAAAAAAAAAAAAAALG}}

@inproceedings{1988_safra_1,
	Annote = {Conference version (shorter than journal version)},
	Author = {Safra, S.},
	Booktitle = {Foundations of Computer Science, 1988., 29th Annual Symposium on},
	Date-Added = {2014-10-21 18:25:31 +0000},
	Date-Modified = {2014-10-22 11:06:13 +0000},
	Doi = {10.1109/SFCS.1988.21948},
	Keywords = {Construction, Determinisation-based, Safra},
	Month = {Oct},
	Pages = {319-327},
	Title = {On the Complexity of Omega-Automata},
	Year = {1988},
	Bdsk-File-1 = {YnBsaXN0MDDUAQIDBAUGJCVYJHZlcnNpb25YJG9iamVjdHNZJGFyY2hpdmVyVCR0b3ASAAGGoKgHCBMUFRYaIVUkbnVsbNMJCgsMDxJXTlMua2V5c1pOUy5vYmplY3RzViRjbGFzc6INDoACgAOiEBGABIAFgAdccmVsYXRpdmVQYXRoWWFsaWFzRGF0YV8QFHBkZi8xOTg4X3NhZnJhXzEucGRm0hcLGBlXTlMuZGF0YU8RAaIAAAAAAaIAAgAADE1hY2ludG9zaCBIRAAAAAAAAAAAAAAAAAAAAM4UTTJIKwAAASBK6BAxOTg4X3NhZnJhXzEucGRmAAAAAAAAAAAAAAAAAAAAAAAAAAAAAAAAAAAAAAAAAAAAAAAAAAAAAAAAAAAAAAAAfNcQz1JPGgAAAAAAAAAAAAEAAwAACSAAAAAAAAAAAAAAAAAAAAADcGRmAAAQAAgAAM4UMRIAAAARAAgAAM9SQQoAAAABABgBIEroAHs03wB6U3gABcD+AAXAkAACEikAAgBDTWFjaW50b3NoIEhEOlVzZXJzOgBkdzoARGVza3RvcDoAdGhlc2lzOgBiaWI6AHBkZjoAMTk4OF9zYWZyYV8xLnBkZgAADgAiABAAMQA5ADgAOABfAHMAYQBmAHIAYQBfADEALgBwAGQAZgAPABoADABNAGEAYwBpAG4AdABvAHMAaAAgAEgARAASADBVc2Vycy9kdy9EZXNrdG9wL3RoZXNpcy9iaWIvcGRmLzE5ODhfc2FmcmFfMS5wZGYAEwABLwAAFQACAAn//wAAgAbSGxwdHlokY2xhc3NuYW1lWCRjbGFzc2VzXU5TTXV0YWJsZURhdGGjHR8gVk5TRGF0YVhOU09iamVjdNIbHCIjXE5TRGljdGlvbmFyeaIiIF8QD05TS2V5ZWRBcmNoaXZlctEmJ1Ryb290gAEACAARABoAIwAtADIANwBAAEYATQBVAGAAZwBqAGwAbgBxAHMAdQB3AIQAjgClAKoAsgJYAloCXwJqAnMCgQKFAowClQKaAqcCqgK8Ar8CxAAAAAAAAAIBAAAAAAAAACgAAAAAAAAAAAAAAAAAAALG}}

@article{PrasadSistla1987217,
	Author = {A. Prasad Sistla and Moshe Y. Vardi and Pierre Wolper},
	Date-Added = {2014-10-21 18:21:46 +0000},
	Date-Modified = {2014-10-22 11:06:13 +0000},
	Doi = {http://dx.doi.org/10.1016/0304-3975(87)90008-9},
	Issn = {0304-3975},
	Journal = {Theoretical Computer Science},
	Keywords = {Construction, Ramsey-based},
	Number = {2--3},
	Pages = {217 - 237},
	Title = {The Complementation Problem for B{\"u}chi Automata with Applications to Temporal Logic},
	Url = {http://www.sciencedirect.com/science/article/pii/0304397587900089},
	Volume = {49},
	Year = {1987},
	Bdsk-File-1 = {YnBsaXN0MDDUAQIDBAUGJCVYJHZlcnNpb25YJG9iamVjdHNZJGFyY2hpdmVyVCR0b3ASAAGGoKgHCBMUFRYaIVUkbnVsbNMJCgsMDxJXTlMua2V5c1pOUy5vYmplY3RzViRjbGFzc6INDoACgAOiEBGABIAFgAdccmVsYXRpdmVQYXRoWWFsaWFzRGF0YV8QE3BkZi8xOTg3X3Npc3RsYS5wZGbSFwsYGVdOUy5kYXRhTxEBngAAAAABngACAAAMTWFjaW50b3NoIEhEAAAAAAAAAAAAAAAAAAAAzhRNMkgrAAABIEroDzE5ODdfc2lzdGxhLnBkZgAAAAAAAAAAAAAAAAAAAAAAAAAAAAAAAAAAAAAAAAAAAAAAAAAAAAAAAAAAAAAAAAEgPh7PZKLnAAAAAAAAAAAAAQADAAAJIAAAAAAAAAAAAAAAAAAAAANwZGYAABAACAAAzhQxEgAAABEACAAAz2SGxwAAAAEAGAEgSugAezTfAHpTeAAFwP4ABcCQAAISKQACAEJNYWNpbnRvc2ggSEQ6VXNlcnM6AGR3OgBEZXNrdG9wOgB0aGVzaXM6AGJpYjoAcGRmOgAxOTg3X3Npc3RsYS5wZGYADgAgAA8AMQA5ADgANwBfAHMAaQBzAHQAbABhAC4AcABkAGYADwAaAAwATQBhAGMAaQBuAHQAbwBzAGgAIABIAEQAEgAvVXNlcnMvZHcvRGVza3RvcC90aGVzaXMvYmliL3BkZi8xOTg3X3Npc3RsYS5wZGYAABMAAS8AABUAAgAJ//8AAIAG0hscHR5aJGNsYXNzbmFtZVgkY2xhc3Nlc11OU011dGFibGVEYXRhox0fIFZOU0RhdGFYTlNPYmplY3TSGxwiI1xOU0RpY3Rpb25hcnmiIiBfEA9OU0tleWVkQXJjaGl2ZXLRJidUcm9vdIABAAgAEQAaACMALQAyADcAQABGAE0AVQBgAGcAagBsAG4AcQBzAHUAdwCEAI4ApACpALECUwJVAloCZQJuAnwCgAKHApAClQKiAqUCtwK6Ar8AAAAAAAACAQAAAAAAAAAoAAAAAAAAAAAAAAAAAAACwQ==}}

@article{Kurshan198759,
	Author = {R.P. Kurshan},
	Date-Added = {2014-10-21 18:19:05 +0000},
	Date-Modified = {2014-10-22 16:00:57 +0000},
	Doi = {http://dx.doi.org/10.1016/0022-0000(87)90036-5},
	Issn = {0022-0000},
	Journal = {Journal of Computer and System Sciences},
	Keywords = {Seminal},
	Number = {1},
	Pages = {59 - 71},
	Title = {Complementing Deterministic B{\"u}chi Automata in Polynomial Time},
	Url = {http://www.sciencedirect.com/science/article/pii/0022000087900365},
	Volume = {35},
	Year = {1987},
	Bdsk-File-1 = {YnBsaXN0MDDUAQIDBAUGJCVYJHZlcnNpb25YJG9iamVjdHNZJGFyY2hpdmVyVCR0b3ASAAGGoKgHCBMUFRYaIVUkbnVsbNMJCgsMDxJXTlMua2V5c1pOUy5vYmplY3RzViRjbGFzc6INDoACgAOiEBGABIAFgAdccmVsYXRpdmVQYXRoWWFsaWFzRGF0YV8QFHBkZi8xOTg3X2t1cnNoYW4ucGRm0hcLGBlXTlMuZGF0YU8RAaIAAAAAAaIAAgAADE1hY2ludG9zaCBIRAAAAAAAAAAAAAAAAAAAAM4UTTJIKwAAASBK6BAxOTg3X2t1cnNoYW4ucGRmAAAAAAAAAAAAAAAAAAAAAAAAAAAAAAAAAAAAAAAAAAAAAAAAAAAAAAAAAAAAAAAA1t95z2HIKgAAAAAAAAAAAAEAAwAACSAAAAAAAAAAAAAAAAAAAAADcGRmAAAQAAgAAM4UMRIAAAARAAgAAM9hrAoAAAABABgBIEroAHs03wB6U3gABcD+AAXAkAACEikAAgBDTWFjaW50b3NoIEhEOlVzZXJzOgBkdzoARGVza3RvcDoAdGhlc2lzOgBiaWI6AHBkZjoAMTk4N19rdXJzaGFuLnBkZgAADgAiABAAMQA5ADgANwBfAGsAdQByAHMAaABhAG4ALgBwAGQAZgAPABoADABNAGEAYwBpAG4AdABvAHMAaAAgAEgARAASADBVc2Vycy9kdy9EZXNrdG9wL3RoZXNpcy9iaWIvcGRmLzE5ODdfa3Vyc2hhbi5wZGYAEwABLwAAFQACAAn//wAAgAbSGxwdHlokY2xhc3NuYW1lWCRjbGFzc2VzXU5TTXV0YWJsZURhdGGjHR8gVk5TRGF0YVhOU09iamVjdNIbHCIjXE5TRGljdGlvbmFyeaIiIF8QD05TS2V5ZWRBcmNoaXZlctEmJ1Ryb290gAEACAARABoAIwAtADIANwBAAEYATQBVAGAAZwBqAGwAbgBxAHMAdQB3AIQAjgClAKoAsgJYAloCXwJqAnMCgQKFAowClQKaAqcCqgK8Ar8CxAAAAAAAAAIBAAAAAAAAACgAAAAAAAAAAAAAAAAAAALG}}

@article{1959_rabin,
	Annote = {- Non-deterministic finite state automata
- Subset-construction.},
	Author = {Rabin, M.O. and Scott, D.},
	Date-Added = {2014-10-21 18:15:25 +0000},
	Date-Modified = {2014-10-22 13:40:28 +0000},
	Doi = {10.1147/rd.32.0114},
	Issn = {0018-8646},
	Journal = {IBM Journal of Research and Development},
	Keywords = {Seminal},
	Month = {April},
	Number = {2},
	Pages = {114-125},
	Title = {Finite Automata and Their Decision Problems},
	Volume = {3},
	Year = {1959},
	Bdsk-File-1 = {YnBsaXN0MDDUAQIDBAUGJCVYJHZlcnNpb25YJG9iamVjdHNZJGFyY2hpdmVyVCR0b3ASAAGGoKgHCBMUFRYaIVUkbnVsbNMJCgsMDxJXTlMua2V5c1pOUy5vYmplY3RzViRjbGFzc6INDoACgAOiEBGABIAFgAdccmVsYXRpdmVQYXRoWWFsaWFzRGF0YV8QGHBkZi8xOTU5X3JhYmluX3Njb3R0LnBkZtIXCxgZV05TLmRhdGFPEQGyAAAAAAGyAAIAAAxNYWNpbnRvc2ggSEQAAAAAAAAAAAAAAAAAAADOFE0ySCsAAAEgSugUMTk1OV9yYWJpbl9zY290dC5wZGYAAAAAAAAAAAAAAAAAAAAAAAAAAAAAAAAAAAAAAAAAAAAAAAAAAAAAAAAAASA76dBsLwYAAAAAAAAAAAABAAMAAAkgAAAAAAAAAAAAAAAAAAAAA3BkZgAAEAAIAADOFDESAAAAEQAIAADQbBLmAAAAAQAYASBK6AB7NN8AelN4AAXA/gAFwJAAAhIpAAIAR01hY2ludG9zaCBIRDpVc2VyczoAZHc6AERlc2t0b3A6AHRoZXNpczoAYmliOgBwZGY6ADE5NTlfcmFiaW5fc2NvdHQucGRmAAAOACoAFAAxADkANQA5AF8AcgBhAGIAaQBuAF8AcwBjAG8AdAB0AC4AcABkAGYADwAaAAwATQBhAGMAaQBuAHQAbwBzAGgAIABIAEQAEgA0VXNlcnMvZHcvRGVza3RvcC90aGVzaXMvYmliL3BkZi8xOTU5X3JhYmluX3Njb3R0LnBkZgATAAEvAAAVAAIACf//AACABtIbHB0eWiRjbGFzc25hbWVYJGNsYXNzZXNdTlNNdXRhYmxlRGF0YaMdHyBWTlNEYXRhWE5TT2JqZWN00hscIiNcTlNEaWN0aW9uYXJ5oiIgXxAPTlNLZXllZEFyY2hpdmVy0SYnVHJvb3SAAQAIABEAGgAjAC0AMgA3AEAARgBNAFUAYABnAGoAbABuAHEAcwB1AHcAhACOAKkArgC2AmwCbgJzAn4ChwKVApkCoAKpAq4CuwK+AtAC0wLYAAAAAAAAAgEAAAAAAAAAKAAAAAAAAAAAAAAAAAAAAto=}}

@inproceedings{1963_muller,
	Annote = {Introduction of Muller automata},
	Author = {Muller, David E.},
	Booktitle = {Switching Circuit Theory and Logical Design, Proceedings of the Fourth Annual Symposium on},
	Date-Added = {2014-10-21 18:12:42 +0000},
	Date-Modified = {2014-10-22 13:40:55 +0000},
	Doi = {10.1109/SWCT.1963.8},
	Keywords = {Seminal},
	Month = {Oct},
	Pages = {3-16},
	Title = {Infinite Sequences and Finite Machines},
	Year = {1963},
	Bdsk-File-1 = {YnBsaXN0MDDUAQIDBAUGJCVYJHZlcnNpb25YJG9iamVjdHNZJGFyY2hpdmVyVCR0b3ASAAGGoKgHCBMUFRYaIVUkbnVsbNMJCgsMDxJXTlMua2V5c1pOUy5vYmplY3RzViRjbGFzc6INDoACgAOiEBGABIAFgAdccmVsYXRpdmVQYXRoWWFsaWFzRGF0YV8QE3BkZi8xOTYzX211bGxlci5wZGbSFwsYGVdOUy5kYXRhTxEBngAAAAABngACAAAMTWFjaW50b3NoIEhEAAAAAAAAAAAAAAAAAAAAzhRNMkgrAAABIEroDzE5NjNfbXVsbGVyLnBkZgAAAAAAAAAAAAAAAAAAAAAAAAAAAAAAAAAAAAAAAAAAAAAAAAAAAAAAAAAAAAAAAAEgT2PPXI9sAAAAAAAAAAAAAQADAAAJIAAAAAAAAAAAAAAAAAAAAANwZGYAABAACAAAzhQxEgAAABEACAAAz1yBXAAAAAEAGAEgSugAezTfAHpTeAAFwP4ABcCQAAISKQACAEJNYWNpbnRvc2ggSEQ6VXNlcnM6AGR3OgBEZXNrdG9wOgB0aGVzaXM6AGJpYjoAcGRmOgAxOTYzX211bGxlci5wZGYADgAgAA8AMQA5ADYAMwBfAG0AdQBsAGwAZQByAC4AcABkAGYADwAaAAwATQBhAGMAaQBuAHQAbwBzAGgAIABIAEQAEgAvVXNlcnMvZHcvRGVza3RvcC90aGVzaXMvYmliL3BkZi8xOTYzX211bGxlci5wZGYAABMAAS8AABUAAgAJ//8AAIAG0hscHR5aJGNsYXNzbmFtZVgkY2xhc3Nlc11OU011dGFibGVEYXRhox0fIFZOU0RhdGFYTlNPYmplY3TSGxwiI1xOU0RpY3Rpb25hcnmiIiBfEA9OU0tleWVkQXJjaGl2ZXLRJidUcm9vdIABAAgAEQAaACMALQAyADcAQABGAE0AVQBgAGcAagBsAG4AcQBzAHUAdwCEAI4ApACpALECUwJVAloCZQJuAnwCgAKHApAClQKiAqUCtwK6Ar8AAAAAAAACAQAAAAAAAAAoAAAAAAAAAAAAAAAAAAACwQ==}}

@incollection{Thomas:1991,
	Acmid = {114895},
	Address = {Cambridge, MA, USA},
	Annote = {- Proof that NBW are closed under complementation, p. 6
- Proof that DBW are not closed under complementation, p. 15
- Proof that NBW and DMW (deterministic Muller automata) are equivalent (Mc Naughton's Theorem), p. 16
- Proof that Rabin automata are equivalent to Muller automata, p. 17},
	Author = {Thomas, Wolfgang},
	Booktitle = {Handbook of Theoretical Computer Science (Vol. B)},
	Chapter = {Automata on Infinite Objects},
	Date-Added = {2014-10-21 18:04:44 +0000},
	Date-Modified = {2014-10-22 13:13:18 +0000},
	Editor = {van Leeuwen, Jan},
	Isbn = {0-444-88074-7},
	Keywords = {Proof},
	Numpages = {59},
	Pages = {133--191},
	Publisher = {MIT Press},
	Title = {Automata on Infinite Objects},
	Url = {http://dl.acm.org/citation.cfm?id=114891.114895},
	Year = {1990},
	Bdsk-File-1 = {YnBsaXN0MDDUAQIDBAUGJCVYJHZlcnNpb25YJG9iamVjdHNZJGFyY2hpdmVyVCR0b3ASAAGGoKgHCBMUFRYaIVUkbnVsbNMJCgsMDxJXTlMua2V5c1pOUy5vYmplY3RzViRjbGFzc6INDoACgAOiEBGABIAFgAdccmVsYXRpdmVQYXRoWWFsaWFzRGF0YV8QE3BkZi8xOTkwX3Rob21hcy5wZGbSFwsYGVdOUy5kYXRhTxEBngAAAAABngACAAAMTWFjaW50b3NoIEhEAAAAAAAAAAAAAAAAAAAAzhRNMkgrAAABIEroDzE5OTBfdGhvbWFzLnBkZgAAAAAAAAAAAAAAAAAAAAAAAAAAAAAAAAAAAAAAAAAAAAAAAAAAAAAAAAAAAAAAAAEgRGLPUiQXAAAAAAAAAAAAAQADAAAJIAAAAAAAAAAAAAAAAAAAAANwZGYAABAACAAAzhQxEgAAABEACAAAz1IWBwAAAAEAGAEgSugAezTfAHpTeAAFwP4ABcCQAAISKQACAEJNYWNpbnRvc2ggSEQ6VXNlcnM6AGR3OgBEZXNrdG9wOgB0aGVzaXM6AGJpYjoAcGRmOgAxOTkwX3Rob21hcy5wZGYADgAgAA8AMQA5ADkAMABfAHQAaABvAG0AYQBzAC4AcABkAGYADwAaAAwATQBhAGMAaQBuAHQAbwBzAGgAIABIAEQAEgAvVXNlcnMvZHcvRGVza3RvcC90aGVzaXMvYmliL3BkZi8xOTkwX3Rob21hcy5wZGYAABMAAS8AABUAAgAJ//8AAIAG0hscHR5aJGNsYXNzbmFtZVgkY2xhc3Nlc11OU011dGFibGVEYXRhox0fIFZOU0RhdGFYTlNPYmplY3TSGxwiI1xOU0RpY3Rpb25hcnmiIiBfEA9OU0tleWVkQXJjaGl2ZXLRJidUcm9vdIABAAgAEQAaACMALQAyADcAQABGAE0AVQBgAGcAagBsAG4AcQBzAHUAdwCEAI4ApACpALECUwJVAloCZQJuAnwCgAKHApAClQKiAqUCtwK6Ar8AAAAAAAACAQAAAAAAAAAoAAAAAAAAAAAAAAAAAAACwQ==}}

@article{fogarty2013unifying,
	Annote = {Converting the slice-based approach to a rank-based one},
	Author = {Fogarty, Seth J and Kupferman, Orna and Wilke, Thomas and Vardi, Moshe Y},
	Date-Added = {2014-10-21 17:54:55 +0000},
	Date-Modified = {2014-10-30 17:58:26 +0000},
	Journal = {Logical Methods in Computer Science},
	Keywords = {Construction, Rank-based},
	Number = {1},
	Title = {Unifying B{\"u}chi Complementation Constructions},
	Volume = {9},
	Year = {2013},
	Bdsk-File-1 = {YnBsaXN0MDDUAQIDBAUGJCVYJHZlcnNpb25YJG9iamVjdHNZJGFyY2hpdmVyVCR0b3ASAAGGoKgHCBMUFRYaIVUkbnVsbNMJCgsMDxJXTlMua2V5c1pOUy5vYmplY3RzViRjbGFzc6INDoACgAOiEBGABIAFgAdccmVsYXRpdmVQYXRoWWFsaWFzRGF0YV8QFHBkZi8yMDEzX2ZvZ2FydHkucGRm0hcLGBlXTlMuZGF0YU8RAaIAAAAAAaIAAgAADE1hY2ludG9zaCBIRAAAAAAAAAAAAAAAAAAAAM4UTTJIKwAAASBK6BAyMDEzX2ZvZ2FydHkucGRmAAAAAAAAAAAAAAAAAAAAAAAAAAAAAAAAAAAAAAAAAAAAAAAAAAAAAAAAAAAAAAABJbHKz/lkQwAAAAAAAAAAAAEAAwAACSAAAAAAAAAAAAAAAAAAAAADcGRmAAAQAAgAAM4UMRIAAAARAAgAAM/5SCMAAAABABgBIEroAHs03wB6U3gABcD+AAXAkAACEikAAgBDTWFjaW50b3NoIEhEOlVzZXJzOgBkdzoARGVza3RvcDoAdGhlc2lzOgBiaWI6AHBkZjoAMjAxM19mb2dhcnR5LnBkZgAADgAiABAAMgAwADEAMwBfAGYAbwBnAGEAcgB0AHkALgBwAGQAZgAPABoADABNAGEAYwBpAG4AdABvAHMAaAAgAEgARAASADBVc2Vycy9kdy9EZXNrdG9wL3RoZXNpcy9iaWIvcGRmLzIwMTNfZm9nYXJ0eS5wZGYAEwABLwAAFQACAAn//wAAgAbSGxwdHlokY2xhc3NuYW1lWCRjbGFzc2VzXU5TTXV0YWJsZURhdGGjHR8gVk5TRGF0YVhOU09iamVjdNIbHCIjXE5TRGljdGlvbmFyeaIiIF8QD05TS2V5ZWRBcmNoaXZlctEmJ1Ryb290gAEACAARABoAIwAtADIANwBAAEYATQBVAGAAZwBqAGwAbgBxAHMAdQB3AIQAjgClAKoAsgJYAloCXwJqAnMCgQKFAowClQKaAqcCqgK8Ar8CxAAAAAAAAAIBAAAAAAAAACgAAAAAAAAAAAAAAAAAAALG}}

@incollection{2007_vardi,
	Author = {Vardi, MosheY.},
	Booktitle = {STACS 2007},
	Date-Added = {2014-10-21 17:50:44 +0000},
	Date-Modified = {2014-10-22 11:06:13 +0000},
	Doi = {10.1007/978-3-540-70918-3_2},
	Editor = {Thomas, Wolfgang and Weil, Pascal},
	Isbn = {978-3-540-70917-6},
	Keywords = {Chrono},
	Language = {English},
	Pages = {12-22},
	Publisher = {Springer Berlin Heidelberg},
	Series = {Lecture Notes in Computer Science},
	Title = {The B{\"u}chi Complementation Saga},
	Url = {http://dx.doi.org/10.1007/978-3-540-70918-3_2},
	Volume = {4393},
	Year = {2007},
	Bdsk-File-1 = {YnBsaXN0MDDUAQIDBAUGJCVYJHZlcnNpb25YJG9iamVjdHNZJGFyY2hpdmVyVCR0b3ASAAGGoKgHCBMUFRYaIVUkbnVsbNMJCgsMDxJXTlMua2V5c1pOUy5vYmplY3RzViRjbGFzc6INDoACgAOiEBGABIAFgAdccmVsYXRpdmVQYXRoWWFsaWFzRGF0YV8QJ3BkZi8yMDA3X3ZhcmRpX2NvbXBsZW1lbnRhdGlvbl9zYWdhLnBkZtIXCxgZV05TLmRhdGFPEQHqAAAAAAHqAAIAAAxNYWNpbnRvc2ggSEQAAAAAAAAAAAAAAAAAAADOFE0ySCsAAAEgSugfMjAwN192YXJkaV9jb21wbGVtZW4jRTEwRDY5LnBkZgAAAAAAAAAAAAAAAAAAAAAAAAAAAAAAAAAAAAAAAAAAAOENac9SP60AAAAAAAAAAAABAAMAAAkgAAAAAAAAAAAAAAAAAAAAA3BkZgAAEAAIAADOFDESAAAAEQAIAADPUjGdAAAAAQAYASBK6AB7NN8AelN4AAXA/gAFwJAAAhIpAAIAUk1hY2ludG9zaCBIRDpVc2VyczoAZHc6AERlc2t0b3A6AHRoZXNpczoAYmliOgBwZGY6ADIwMDdfdmFyZGlfY29tcGxlbWVuI0UxMEQ2OS5wZGYADgBIACMAMgAwADAANwBfAHYAYQByAGQAaQBfAGMAbwBtAHAAbABlAG0AZQBuAHQAYQB0AGkAbwBuAF8AcwBhAGcAYQAuAHAAZABmAA8AGgAMAE0AYQBjAGkAbgB0AG8AcwBoACAASABEABIAQ1VzZXJzL2R3L0Rlc2t0b3AvdGhlc2lzL2JpYi9wZGYvMjAwN192YXJkaV9jb21wbGVtZW50YXRpb25fc2FnYS5wZGYAABMAAS8AABUAAgAJ//8AAIAG0hscHR5aJGNsYXNzbmFtZVgkY2xhc3Nlc11OU011dGFibGVEYXRhox0fIFZOU0RhdGFYTlNPYmplY3TSGxwiI1xOU0RpY3Rpb25hcnmiIiBfEA9OU0tleWVkQXJjaGl2ZXLRJidUcm9vdIABAAgAEQAaACMALQAyADcAQABGAE0AVQBgAGcAagBsAG4AcQBzAHUAdwCEAI4AuAC9AMUCswK1AroCxQLOAtwC4ALnAvAC9QMCAwUDFwMaAx8AAAAAAAACAQAAAAAAAAAoAAAAAAAAAAAAAAAAAAADIQ==}}

@incollection{2011_tsai,
	Author = {Tsai, Ming-Hsien and Fogarty, Seth and Vardi, MosheY. and Tsay, Yih-Kuen},
	Booktitle = {Implementation and Application of Automata},
	Date-Added = {2014-10-21 17:46:31 +0000},
	Date-Modified = {2015-06-29 22:07:53 +0000},
	Doi = {10.1007/978-3-642-18098-9_28},
	Editor = {Domaratzki, Michael and Salomaa, Kai},
	Isbn = {978-3-642-18097-2},
	Keywords = {Experimental, GOAL, Chrono},
	Language = {English},
	Pages = {261-271},
	Publisher = {Springer Berlin Heidelberg},
	Read = {1},
	Series = {Lecture Notes in Computer Science},
	Title = {State of B{\"u}chi Complementation},
	Url = {http://dx.doi.org/10.1007/978-3-642-18098-9_28},
	Volume = {6482},
	Year = {2011},
	Bdsk-File-1 = {YnBsaXN0MDDUAQIDBAUGJCVYJHZlcnNpb25YJG9iamVjdHNZJGFyY2hpdmVyVCR0b3ASAAGGoKgHCBMUFRYaIVUkbnVsbNMJCgsMDxJXTlMua2V5c1pOUy5vYmplY3RzViRjbGFzc6INDoACgAOiEBGABIAFgAdccmVsYXRpdmVQYXRoWWFsaWFzRGF0YV8QEXBkZi8yMDExX3RzYWkucGRm0hcLGBlXTlMuZGF0YU8RAZYAAAAAAZYAAgAADE1hY2ludG9zaCBIRAAAAAAAAAAAAAAAAAAAAM4UTTJIKwAAASBK6A0yMDExX3RzYWkucGRmAAAAAAAAAAAAAAAAAAAAAAAAAAAAAAAAAAAAAAAAAAAAAAAAAAAAAAAAAAAAAAAAAAABo8gy0DsaYgAAAAAAAAAAAAEAAwAACSAAAAAAAAAAAAAAAAAAAAADcGRmAAAQAAgAAM4UMRIAAAARAAgAANA6/kIAAAABABgBIEroAHs03wB6U3gABcD+AAXAkAACEikAAgBATWFjaW50b3NoIEhEOlVzZXJzOgBkdzoARGVza3RvcDoAdGhlc2lzOgBiaWI6AHBkZjoAMjAxMV90c2FpLnBkZgAOABwADQAyADAAMQAxAF8AdABzAGEAaQAuAHAAZABmAA8AGgAMAE0AYQBjAGkAbgB0AG8AcwBoACAASABEABIALVVzZXJzL2R3L0Rlc2t0b3AvdGhlc2lzL2JpYi9wZGYvMjAxMV90c2FpLnBkZgAAEwABLwAAFQACAAn//wAAgAbSGxwdHlokY2xhc3NuYW1lWCRjbGFzc2VzXU5TTXV0YWJsZURhdGGjHR8gVk5TRGF0YVhOU09iamVjdNIbHCIjXE5TRGljdGlvbmFyeaIiIF8QD05TS2V5ZWRBcmNoaXZlctEmJ1Ryb290gAEACAARABoAIwAtADIANwBAAEYATQBVAGAAZwBqAGwAbgBxAHMAdQB3AIQAjgCiAKcArwJJAksCUAJbAmQCcgJ2An0ChgKLApgCmwKtArACtQAAAAAAAAIBAAAAAAAAACgAAAAAAAAAAAAAAAAAAAK3},
	Bdsk-File-2 = {YnBsaXN0MDDUAQIDBAUGJCVYJHZlcnNpb25YJG9iamVjdHNZJGFyY2hpdmVyVCR0b3ASAAGGoKgHCBMUFRYaIVUkbnVsbNMJCgsMDxJXTlMua2V5c1pOUy5vYmplY3RzViRjbGFzc6INDoACgAOiEBGABIAFgAdccmVsYXRpdmVQYXRoWWFsaWFzRGF0YV8QHnBkZi8yMDExX3RzYWlfZnVsbF92ZXJzaW9uLnBkZtIXCxgZV05TLmRhdGFPEQHKAAAAAAHKAAIAAAxNYWNpbnRvc2ggSEQAAAAAAAAAAAAAAAAAAADOFE0ySCsAAAEgSugaMjAxMV90c2FpX2Z1bGxfdmVyc2lvbi5wZGYAAAAAAAAAAAAAAAAAAAAAAAAAAAAAAAAAAAAAAAAAAAAAAAAAAS9I8tANQtkAAAAAAAAAAAABAAMAAAkgAAAAAAAAAAAAAAAAAAAAA3BkZgAAEAAIAADOFDESAAAAEQAIAADQDSa5AAAAAQAYASBK6AB7NN8AelN4AAXA/gAFwJAAAhIpAAIATU1hY2ludG9zaCBIRDpVc2VyczoAZHc6AERlc2t0b3A6AHRoZXNpczoAYmliOgBwZGY6ADIwMTFfdHNhaV9mdWxsX3ZlcnNpb24ucGRmAAAOADYAGgAyADAAMQAxAF8AdABzAGEAaQBfAGYAdQBsAGwAXwB2AGUAcgBzAGkAbwBuAC4AcABkAGYADwAaAAwATQBhAGMAaQBuAHQAbwBzAGgAIABIAEQAEgA6VXNlcnMvZHcvRGVza3RvcC90aGVzaXMvYmliL3BkZi8yMDExX3RzYWlfZnVsbF92ZXJzaW9uLnBkZgATAAEvAAAVAAIACf//AACABtIbHB0eWiRjbGFzc25hbWVYJGNsYXNzZXNdTlNNdXRhYmxlRGF0YaMdHyBWTlNEYXRhWE5TT2JqZWN00hscIiNcTlNEaWN0aW9uYXJ5oiIgXxAPTlNLZXllZEFyY2hpdmVy0SYnVHJvb3SAAQAIABEAGgAjAC0AMgA3AEAARgBNAFUAYABnAGoAbABuAHEAcwB1AHcAhACOAK8AtAC8AooCjAKRApwCpQKzArcCvgLHAswC2QLcAu4C8QL2AAAAAAAAAgEAAAAAAAAAKAAAAAAAAAAAAAAAAAAAAvg=}}

@inproceedings{niessner1997deterministic,
	Author = {Nie{\ss}ner, Frank and Nitsche, Ulrich and Ochsenschl{\"a}ger, Peter},
	Booktitle = {Preproceedings of the 3rd International Conference on Developments in Language Theory, DLT'97},
	Date-Added = {2014-10-21 17:45:16 +0000},
	Date-Modified = {2014-10-24 18:57:19 +0000},
	Editor = {S. Bozapalidis},
	Keywords = {Nitsche},
	Pages = {237--247},
	Publisher = {Citeseer},
	Title = {Deterministic Omega-Regular Liveness Properties},
	Year = {1997},
	Bdsk-File-1 = {YnBsaXN0MDDUAQIDBAUGJCVYJHZlcnNpb25YJG9iamVjdHNZJGFyY2hpdmVyVCR0b3ASAAGGoKgHCBMUFRYaIVUkbnVsbNMJCgsMDxJXTlMua2V5c1pOUy5vYmplY3RzViRjbGFzc6INDoACgAOiEBGABIAFgAdccmVsYXRpdmVQYXRoWWFsaWFzRGF0YV8QHXBkZi8xOTk3X25pZXNzbmVyX25pdHNjaGUucGRm0hcLGBlXTlMuZGF0YU8RAcYAAAAAAcYAAgAADE1hY2ludG9zaCBIRAAAAAAAAAAAAAAAAAAAAM4UTTJIKwAAASBK6BkxOTk3X25pZXNzbmVyX25pdHNjaGUucGRmAAAAAAAAAAAAAAAAAAAAAAAAAAAAAAAAAAAAAAAAAAAAAAAAAAABIdbm0HBsXAAAAAAAAAAAAAEAAwAACSAAAAAAAAAAAAAAAAAAAAADcGRmAAAQAAgAAM4UMRIAAAARAAgAANBwUDwAAAABABgBIEroAHs03wB6U3gABcD+AAXAkAACEikAAgBMTWFjaW50b3NoIEhEOlVzZXJzOgBkdzoARGVza3RvcDoAdGhlc2lzOgBiaWI6AHBkZjoAMTk5N19uaWVzc25lcl9uaXRzY2hlLnBkZgAOADQAGQAxADkAOQA3AF8AbgBpAGUAcwBzAG4AZQByAF8AbgBpAHQAcwBjAGgAZQAuAHAAZABmAA8AGgAMAE0AYQBjAGkAbgB0AG8AcwBoACAASABEABIAOVVzZXJzL2R3L0Rlc2t0b3AvdGhlc2lzL2JpYi9wZGYvMTk5N19uaWVzc25lcl9uaXRzY2hlLnBkZgAAEwABLwAAFQACAAn//wAAgAbSGxwdHlokY2xhc3NuYW1lWCRjbGFzc2VzXU5TTXV0YWJsZURhdGGjHR8gVk5TRGF0YVhOU09iamVjdNIbHCIjXE5TRGljdGlvbmFyeaIiIF8QD05TS2V5ZWRBcmNoaXZlctEmJ1Ryb290gAEACAARABoAIwAtADIANwBAAEYATQBVAGAAZwBqAGwAbgBxAHMAdQB3AIQAjgCuALMAuwKFAocCjAKXAqACrgKyArkCwgLHAtQC1wLpAuwC8QAAAAAAAAIBAAAAAAAAACgAAAAAAAAAAAAAAAAAAALz}}

@article{UltesNitsche2007107,
	Author = {Ulrich Ultes-Nitsche},
	Date-Added = {2014-10-21 17:41:50 +0000},
	Date-Modified = {2014-10-22 11:06:13 +0000},
	Doi = {http://dx.doi.org/10.1016/j.ipl.2006.08.014},
	Issn = {0020-0190},
	Journal = {Information Processing Letters},
	Keywords = {Nitsche},
	Number = {3},
	Pages = {107 - 111},
	Title = {A Power-Set Construction for Reducing B{\"u}chi Automata to Non-Determinism Degree Two},
	Url = {http://www.sciencedirect.com/science/article/pii/S0020019006002729},
	Volume = {101},
	Year = {2007},
	Bdsk-File-1 = {YnBsaXN0MDDUAQIDBAUGJCVYJHZlcnNpb25YJG9iamVjdHNZJGFyY2hpdmVyVCR0b3ASAAGGoKgHCBMUFRYaIVUkbnVsbNMJCgsMDxJXTlMua2V5c1pOUy5vYmplY3RzViRjbGFzc6INDoACgAOiEBGABIAFgAdccmVsYXRpdmVQYXRoWWFsaWFzRGF0YV8QFHBkZi8yMDA2X25pdHNjaGUucGRm0hcLGBlXTlMuZGF0YU8RAaIAAAAAAaIAAgAADE1hY2ludG9zaCBIRAAAAAAAAAAAAAAAAAAAAM4UTTJIKwAAASBK6BAyMDA2X25pdHNjaGUucGRmAAAAAAAAAAAAAAAAAAAAAAAAAAAAAAAAAAAAAAAAAAAAAAAAAAAAAAAAAAAAAAAAhChlz1xnEQAAAAAAAAAAAAEAAwAACSAAAAAAAAAAAAAAAAAAAAADcGRmAAAQAAgAAM4UMRIAAAARAAgAAM9cWQEAAAABABgBIEroAHs03wB6U3gABcD+AAXAkAACEikAAgBDTWFjaW50b3NoIEhEOlVzZXJzOgBkdzoARGVza3RvcDoAdGhlc2lzOgBiaWI6AHBkZjoAMjAwNl9uaXRzY2hlLnBkZgAADgAiABAAMgAwADAANgBfAG4AaQB0AHMAYwBoAGUALgBwAGQAZgAPABoADABNAGEAYwBpAG4AdABvAHMAaAAgAEgARAASADBVc2Vycy9kdy9EZXNrdG9wL3RoZXNpcy9iaWIvcGRmLzIwMDZfbml0c2NoZS5wZGYAEwABLwAAFQACAAn//wAAgAbSGxwdHlokY2xhc3NuYW1lWCRjbGFzc2VzXU5TTXV0YWJsZURhdGGjHR8gVk5TRGF0YVhOU09iamVjdNIbHCIjXE5TRGljdGlvbmFyeaIiIF8QD05TS2V5ZWRBcmNoaXZlctEmJ1Ryb290gAEACAARABoAIwAtADIANwBAAEYATQBVAGAAZwBqAGwAbgBxAHMAdQB3AIQAjgClAKoAsgJYAloCXwJqAnMCgQKFAowClQKaAqcCqgK8Ar8CxAAAAAAAAAIBAAAAAAAAACgAAAAAAAAAAAAAAAAAAALG}}

@inproceedings{vardi2005buchi,
	Author = {Vardi, Moshe Y},
	Booktitle = {5th symposium on Atomic Level Characterizations (ALC'05)},
	Date-Added = {2014-10-21 17:36:48 +0000},
	Date-Modified = {2014-10-22 11:06:13 +0000},
	Keywords = {Chrono},
	Title = {Buchi Complementation: A Forty-Year Saga},
	Year = {2005},
	Bdsk-File-1 = {YnBsaXN0MDDUAQIDBAUGJCVYJHZlcnNpb25YJG9iamVjdHNZJGFyY2hpdmVyVCR0b3ASAAGGoKgHCBMUFRYaIVUkbnVsbNMJCgsMDxJXTlMua2V5c1pOUy5vYmplY3RzViRjbGFzc6INDoACgAOiEBGABIAFgAdccmVsYXRpdmVQYXRoWWFsaWFzRGF0YV8QIHBkZi8yMDA1X3ZhcmRpX3NhZ2FfYWJzdHJhY3QucGRm0hcLGBlXTlMuZGF0YU8RAdIAAAAAAdIAAgAADE1hY2ludG9zaCBIRAAAAAAAAAAAAAAAAAAAAM4UTTJIKwAAASBK6BwyMDA1X3ZhcmRpX3NhZ2FfYWJzdHJhY3QucGRmAAAAAAAAAAAAAAAAAAAAAAAAAAAAAAAAAAAAAAAAAAAAAAABIEKg0GxBWgAAAAAAAAAAAAEAAwAACSAAAAAAAAAAAAAAAAAAAAADcGRmAAAQAAgAAM4UMRIAAAARAAgAANBsJToAAAABABgBIEroAHs03wB6U3gABcD+AAXAkAACEikAAgBPTWFjaW50b3NoIEhEOlVzZXJzOgBkdzoARGVza3RvcDoAdGhlc2lzOgBiaWI6AHBkZjoAMjAwNV92YXJkaV9zYWdhX2Fic3RyYWN0LnBkZgAADgA6ABwAMgAwADAANQBfAHYAYQByAGQAaQBfAHMAYQBnAGEAXwBhAGIAcwB0AHIAYQBjAHQALgBwAGQAZgAPABoADABNAGEAYwBpAG4AdABvAHMAaAAgAEgARAASADxVc2Vycy9kdy9EZXNrdG9wL3RoZXNpcy9iaWIvcGRmLzIwMDVfdmFyZGlfc2FnYV9hYnN0cmFjdC5wZGYAEwABLwAAFQACAAn//wAAgAbSGxwdHlokY2xhc3NuYW1lWCRjbGFzc2VzXU5TTXV0YWJsZURhdGGjHR8gVk5TRGF0YVhOU09iamVjdNIbHCIjXE5TRGljdGlvbmFyeaIiIF8QD05TS2V5ZWRBcmNoaXZlctEmJ1Ryb290gAEACAARABoAIwAtADIANwBAAEYATQBVAGAAZwBqAGwAbgBxAHMAdQB3AIQAjgCxALYAvgKUApYCmwKmAq8CvQLBAsgC0QLWAuMC5gL4AvsDAAAAAAAAAAIBAAAAAAAAACgAAAAAAAAAAAAAAAAAAAMC}}

@article{klein2005linear,
	Author = {Klein, Joachim},
	Date-Added = {2014-10-21 17:26:45 +0000},
	Date-Modified = {2014-10-22 18:42:26 +0000},
	Journal = {Master's thesis, Universit{\"a}t Bonn},
	Keywords = {About Safra, Experimental},
	Title = {Linear Time Logic and Deterministic Omega-Automata},
	Year = {2005},
	Bdsk-File-1 = {YnBsaXN0MDDUAQIDBAUGJCVYJHZlcnNpb25YJG9iamVjdHNZJGFyY2hpdmVyVCR0b3ASAAGGoKgHCBMUFRYaIVUkbnVsbNMJCgsMDxJXTlMua2V5c1pOUy5vYmplY3RzViRjbGFzc6INDoACgAOiEBGABIAFgAdccmVsYXRpdmVQYXRoWWFsaWFzRGF0YV8QFnBkZi8yMDA1X2tsZWluX21zYy5wZGbSFwsYGVdOUy5kYXRhTxEBqgAAAAABqgACAAAMTWFjaW50b3NoIEhEAAAAAAAAAAAAAAAAAAAAzhRNMkgrAAABIEroEjIwMDVfa2xlaW5fbXNjLnBkZgAAAAAAAAAAAAAAAAAAAAAAAAAAAAAAAAAAAAAAAAAAAAAAAAAAAAAAAAAAAAEh06jQbB+yAAAAAAAAAAAAAQADAAAJIAAAAAAAAAAAAAAAAAAAAANwZGYAABAACAAAzhQxEgAAABEACAAA0GwDkgAAAAEAGAEgSugAezTfAHpTeAAFwP4ABcCQAAISKQACAEVNYWNpbnRvc2ggSEQ6VXNlcnM6AGR3OgBEZXNrdG9wOgB0aGVzaXM6AGJpYjoAcGRmOgAyMDA1X2tsZWluX21zYy5wZGYAAA4AJgASADIAMAAwADUAXwBrAGwAZQBpAG4AXwBtAHMAYwAuAHAAZABmAA8AGgAMAE0AYQBjAGkAbgB0AG8AcwBoACAASABEABIAMlVzZXJzL2R3L0Rlc2t0b3AvdGhlc2lzL2JpYi9wZGYvMjAwNV9rbGVpbl9tc2MucGRmABMAAS8AABUAAgAJ//8AAIAG0hscHR5aJGNsYXNzbmFtZVgkY2xhc3Nlc11OU011dGFibGVEYXRhox0fIFZOU0RhdGFYTlNPYmplY3TSGxwiI1xOU0RpY3Rpb25hcnmiIiBfEA9OU0tleWVkQXJjaGl2ZXLRJidUcm9vdIABAAgAEQAaACMALQAyADcAQABGAE0AVQBgAGcAagBsAG4AcQBzAHUAdwCEAI4ApwCsALQCYgJkAmkCdAJ9AosCjwKWAp8CpAKxArQCxgLJAs4AAAAAAAACAQAAAAAAAAAoAAAAAAAAAAAAAAAAAAAC0A==}}

@incollection{2002_roggenbach,
	Annote = {- Proof that DBW are less expressive than NBW
- Analysis of the Safra construction},
	Author = {Roggenbach, Markus},
	Booktitle = {Automata Logics, and Infinite Games},
	Date-Added = {2014-10-21 17:26:43 +0000},
	Date-Modified = {2014-10-22 15:50:41 +0000},
	Doi = {10.1007/3-540-36387-4_3},
	Editor = {Gr{\"a}del, Erich and Thomas, Wolfgang and Wilke, Thomas},
	Isbn = {978-3-540-00388-5},
	Keywords = {About Safra, Proof},
	Language = {English},
	Pages = {43-60},
	Publisher = {Springer Berlin Heidelberg},
	Series = {Lecture Notes in Computer Science},
	Title = {Determinization of B{\"u}chi-Automata},
	Url = {http://dx.doi.org/10.1007/3-540-36387-4_3},
	Volume = {2500},
	Year = {2002},
	Bdsk-File-1 = {YnBsaXN0MDDUAQIDBAUGJCVYJHZlcnNpb25YJG9iamVjdHNZJGFyY2hpdmVyVCR0b3ASAAGGoKgHCBMUFRYaIVUkbnVsbNMJCgsMDxJXTlMua2V5c1pOUy5vYmplY3RzViRjbGFzc6INDoACgAOiEBGABIAFgAdccmVsYXRpdmVQYXRoWWFsaWFzRGF0YV8QF3BkZi8yMDAyX3JvZ2dlbmJhY2gucGRm0hcLGBlXTlMuZGF0YU8RAa4AAAAAAa4AAgAADE1hY2ludG9zaCBIRAAAAAAAAAAAAAAAAAAAAM4UTTJIKwAAASBK6BMyMDAyX3JvZ2dlbmJhY2gucGRmAAAAAAAAAAAAAAAAAAAAAAAAAAAAAAAAAAAAAAAAAAAAAAAAAAAAAAAAAAABIdNoz2tGSwAAAAAAAAAAAAEAAwAACSAAAAAAAAAAAAAAAAAAAAADcGRmAAAQAAgAAM4UMRIAAAARAAgAAM9rKisAAAABABgBIEroAHs03wB6U3gABcD+AAXAkAACEikAAgBGTWFjaW50b3NoIEhEOlVzZXJzOgBkdzoARGVza3RvcDoAdGhlc2lzOgBiaWI6AHBkZjoAMjAwMl9yb2dnZW5iYWNoLnBkZgAOACgAEwAyADAAMAAyAF8AcgBvAGcAZwBlAG4AYgBhAGMAaAAuAHAAZABmAA8AGgAMAE0AYQBjAGkAbgB0AG8AcwBoACAASABEABIAM1VzZXJzL2R3L0Rlc2t0b3AvdGhlc2lzL2JpYi9wZGYvMjAwMl9yb2dnZW5iYWNoLnBkZgAAEwABLwAAFQACAAn//wAAgAbSGxwdHlokY2xhc3NuYW1lWCRjbGFzc2VzXU5TTXV0YWJsZURhdGGjHR8gVk5TRGF0YVhOU09iamVjdNIbHCIjXE5TRGljdGlvbmFyeaIiIF8QD05TS2V5ZWRBcmNoaXZlctEmJ1Ryb290gAEACAARABoAIwAtADIANwBAAEYATQBVAGAAZwBqAGwAbgBxAHMAdQB3AIQAjgCoAK0AtQJnAmkCbgJ5AoICkAKUApsCpAKpArYCuQLLAs4C0wAAAAAAAAIBAAAAAAAAACgAAAAAAAAAAAAAAAAAAALV}}

@incollection{2006_althoff,
	Annote = {Compares the Safra with the Muller-Schupp construction

Optimisation for Muller-Schupp

Implementation and experimental comparison of the different constructions

According to the GOAL API:
In the Safra construction: after evolution of the Safra trees, the steps of computing successors and creating sons are exchanged in this version of the Safra construction, as compared to the original Safra construction.
This small change is present in GOAL as "modifiedsafra".
Anyway, the only difference in GOAL between safra and modifiedsafra is the exchange of these two steps.},
	Author = {Althoff, ChristophSchulte and Thomas, Wolfgang and Wallmeier, Nico},
	Booktitle = {Implementation and Application of Automata},
	Date-Added = {2014-10-21 17:26:42 +0000},
	Date-Modified = {2014-10-22 17:24:36 +0000},
	Doi = {10.1007/11605157_22},
	Editor = {Farr{\'e}, Jacques and Litovsky, Igor and Schmitz, Sylvain},
	Isbn = {978-3-540-31023-5},
	Keywords = {About Safra, Muller-Schupp, Experimental},
	Language = {English},
	Pages = {262-272},
	Publisher = {Springer Berlin Heidelberg},
	Series = {Lecture Notes in Computer Science},
	Title = {Observations on Determinization of B{\"u}chi Automata},
	Url = {http://dx.doi.org/10.1007/11605157_22},
	Volume = {3845},
	Year = {2006},
	Bdsk-File-1 = {YnBsaXN0MDDUAQIDBAUGJCVYJHZlcnNpb25YJG9iamVjdHNZJGFyY2hpdmVyVCR0b3ASAAGGoKgHCBMUFRYaIVUkbnVsbNMJCgsMDxJXTlMua2V5c1pOUy5vYmplY3RzViRjbGFzc6INDoACgAOiEBGABIAFgAdccmVsYXRpdmVQYXRoWWFsaWFzRGF0YV8QFHBkZi8yMDA2X2FsdGhvZmYucGRm0hcLGBlXTlMuZGF0YU8RAaIAAAAAAaIAAgAADE1hY2ludG9zaCBIRAAAAAAAAAAAAAAAAAAAAM4UTTJIKwAAASBK6BAyMDA2X2FsdGhvZmYucGRmAAAAAAAAAAAAAAAAAAAAAAAAAAAAAAAAAAAAAAAAAAAAAAAAAAAAAAAAAAAAAAABIw720GwECAAAAAAAAAAAAAEAAwAACSAAAAAAAAAAAAAAAAAAAAADcGRmAAAQAAgAAM4UMRIAAAARAAgAANBr5+gAAAABABgBIEroAHs03wB6U3gABcD+AAXAkAACEikAAgBDTWFjaW50b3NoIEhEOlVzZXJzOgBkdzoARGVza3RvcDoAdGhlc2lzOgBiaWI6AHBkZjoAMjAwNl9hbHRob2ZmLnBkZgAADgAiABAAMgAwADAANgBfAGEAbAB0AGgAbwBmAGYALgBwAGQAZgAPABoADABNAGEAYwBpAG4AdABvAHMAaAAgAEgARAASADBVc2Vycy9kdy9EZXNrdG9wL3RoZXNpcy9iaWIvcGRmLzIwMDZfYWx0aG9mZi5wZGYAEwABLwAAFQACAAn//wAAgAbSGxwdHlokY2xhc3NuYW1lWCRjbGFzc2VzXU5TTXV0YWJsZURhdGGjHR8gVk5TRGF0YVhOU09iamVjdNIbHCIjXE5TRGljdGlvbmFyeaIiIF8QD05TS2V5ZWRBcmNoaXZlctEmJ1Ryb290gAEACAARABoAIwAtADIANwBAAEYATQBVAGAAZwBqAGwAbgBxAHMAdQB3AIQAjgClAKoAsgJYAloCXwJqAnMCgQKFAowClQKaAqcCqgK8Ar8CxAAAAAAAAAIBAAAAAAAAACgAAAAAAAAAAAAAAAAAAALG}}

@incollection{2006_klein,
	Author = {Klein, Joachim and Baier, Christel},
	Booktitle = {Implementation and Application of Automata},
	Date-Added = {2014-10-21 17:26:41 +0000},
	Date-Modified = {2014-10-22 15:51:01 +0000},
	Doi = {10.1007/11605157_17},
	Editor = {Farr{\'e}, Jacques and Litovsky, Igor and Schmitz, Sylvain},
	Isbn = {978-3-540-31023-5},
	Keywords = {About Safra, Experimental},
	Language = {English},
	Pages = {199-212},
	Publisher = {Springer Berlin Heidelberg},
	Series = {Lecture Notes in Computer Science},
	Title = {Experiments with Deterministic {$\omega$}-Automata for Formulas of Linear Temporal Logic},
	Url = {http://dx.doi.org/10.1007/11605157_17},
	Volume = {3845},
	Year = {2006},
	Bdsk-File-1 = {YnBsaXN0MDDUAQIDBAUGJCVYJHZlcnNpb25YJG9iamVjdHNZJGFyY2hpdmVyVCR0b3ASAAGGoKgHCBMUFRYaIVUkbnVsbNMJCgsMDxJXTlMua2V5c1pOUy5vYmplY3RzViRjbGFzc6INDoACgAOiEBGABIAFgAdccmVsYXRpdmVQYXRoWWFsaWFzRGF0YV8QEnBkZi8yMDA2X2tsZWluLnBkZtIXCxgZV05TLmRhdGFPEQGaAAAAAAGaAAIAAAxNYWNpbnRvc2ggSEQAAAAAAAAAAAAAAAAAAADOFE0ySCsAAAEgSugOMjAwNl9rbGVpbi5wZGYAAAAAAAAAAAAAAAAAAAAAAAAAAAAAAAAAAAAAAAAAAAAAAAAAAAAAAAAAAAAAAAAAASAU6tBr+SsAAAAAAAAAAAABAAMAAAkgAAAAAAAAAAAAAAAAAAAAA3BkZgAAEAAIAADOFDESAAAAEQAIAADQa90LAAAAAQAYASBK6AB7NN8AelN4AAXA/gAFwJAAAhIpAAIAQU1hY2ludG9zaCBIRDpVc2VyczoAZHc6AERlc2t0b3A6AHRoZXNpczoAYmliOgBwZGY6ADIwMDZfa2xlaW4ucGRmAAAOAB4ADgAyADAAMAA2AF8AawBsAGUAaQBuAC4AcABkAGYADwAaAAwATQBhAGMAaQBuAHQAbwBzAGgAIABIAEQAEgAuVXNlcnMvZHcvRGVza3RvcC90aGVzaXMvYmliL3BkZi8yMDA2X2tsZWluLnBkZgATAAEvAAAVAAIACf//AACABtIbHB0eWiRjbGFzc25hbWVYJGNsYXNzZXNdTlNNdXRhYmxlRGF0YaMdHyBWTlNEYXRhWE5TT2JqZWN00hscIiNcTlNEaWN0aW9uYXJ5oiIgXxAPTlNLZXllZEFyY2hpdmVy0SYnVHJvb3SAAQAIABEAGgAjAC0AMgA3AEAARgBNAFUAYABnAGoAbABuAHEAcwB1AHcAhACOAKMAqACwAk4CUAJVAmACaQJ3AnsCggKLApACnQKgArICtQK6AAAAAAAAAgEAAAAAAAAAKAAAAAAAAAAAAAAAAAAAArw=}}

@comment{BibDesk Smart Groups{
<?xml version="1.0" encoding="UTF-8"?>
<!DOCTYPE plist PUBLIC "-//Apple//DTD PLIST 1.0//EN" "http://www.apple.com/DTDs/PropertyList-1.0.dtd">
<plist version="1.0">
<array>
	<dict>
		<key>conditions</key>
		<array>
			<dict>
				<key>comparison</key>
				<integer>2</integer>
				<key>key</key>
				<string>Keywords</string>
				<key>value</key>
				<string>Basics</string>
				<key>version</key>
				<string>1</string>
			</dict>
		</array>
		<key>conjunction</key>
		<integer>0</integer>
		<key>group name</key>
		<string>Basics</string>
	</dict>
	<dict>
		<key>conditions</key>
		<array>
			<dict>
				<key>comparison</key>
				<integer>2</integer>
				<key>key</key>
				<string>Keywords</string>
				<key>value</key>
				<string>Construction</string>
				<key>version</key>
				<string>1</string>
			</dict>
			<dict>
				<key>comparison</key>
				<integer>2</integer>
				<key>key</key>
				<string>Keywords</string>
				<key>value</key>
				<string>Ramsey-based</string>
				<key>version</key>
				<string>1</string>
			</dict>
		</array>
		<key>conjunction</key>
		<integer>0</integer>
		<key>group name</key>
		<string>C1: Ramsey-based</string>
	</dict>
	<dict>
		<key>conditions</key>
		<array>
			<dict>
				<key>comparison</key>
				<integer>2</integer>
				<key>key</key>
				<string>Keywords</string>
				<key>value</key>
				<string>Construction</string>
				<key>version</key>
				<string>1</string>
			</dict>
			<dict>
				<key>comparison</key>
				<integer>2</integer>
				<key>key</key>
				<string>Keywords</string>
				<key>value</key>
				<string>Determinisation-based</string>
				<key>version</key>
				<string>1</string>
			</dict>
		</array>
		<key>conjunction</key>
		<integer>0</integer>
		<key>group name</key>
		<string>C2: Determinisation-based</string>
	</dict>
	<dict>
		<key>conditions</key>
		<array>
			<dict>
				<key>comparison</key>
				<integer>2</integer>
				<key>key</key>
				<string>Keywords</string>
				<key>value</key>
				<string>Construction</string>
				<key>version</key>
				<string>1</string>
			</dict>
			<dict>
				<key>comparison</key>
				<integer>2</integer>
				<key>key</key>
				<string>Keywords</string>
				<key>value</key>
				<string>Rank-based</string>
				<key>version</key>
				<string>1</string>
			</dict>
		</array>
		<key>conjunction</key>
		<integer>0</integer>
		<key>group name</key>
		<string>C3: Rank-based</string>
	</dict>
	<dict>
		<key>conditions</key>
		<array>
			<dict>
				<key>comparison</key>
				<integer>2</integer>
				<key>key</key>
				<string>Keywords</string>
				<key>value</key>
				<string>Construction</string>
				<key>version</key>
				<string>1</string>
			</dict>
			<dict>
				<key>comparison</key>
				<integer>2</integer>
				<key>key</key>
				<string>Keywords</string>
				<key>value</key>
				<string>Slice-based</string>
				<key>version</key>
				<string>1</string>
			</dict>
		</array>
		<key>conjunction</key>
		<integer>0</integer>
		<key>group name</key>
		<string>C4: Slice-based</string>
	</dict>
	<dict>
		<key>conditions</key>
		<array>
			<dict>
				<key>comparison</key>
				<integer>2</integer>
				<key>key</key>
				<string>Keywords</string>
				<key>value</key>
				<string>Chrono</string>
				<key>version</key>
				<string>1</string>
			</dict>
		</array>
		<key>conjunction</key>
		<integer>0</integer>
		<key>group name</key>
		<string>Chronology</string>
	</dict>
	<dict>
		<key>conditions</key>
		<array>
			<dict>
				<key>comparison</key>
				<integer>2</integer>
				<key>key</key>
				<string>Keywords</string>
				<key>value</key>
				<string>Bound</string>
				<key>version</key>
				<string>1</string>
			</dict>
		</array>
		<key>conjunction</key>
		<integer>0</integer>
		<key>group name</key>
		<string>Complexity Bounds</string>
	</dict>
	<dict>
		<key>conditions</key>
		<array>
			<dict>
				<key>comparison</key>
				<integer>2</integer>
				<key>key</key>
				<string>Keywords</string>
				<key>value</key>
				<string>Experimental</string>
				<key>version</key>
				<string>1</string>
			</dict>
		</array>
		<key>conjunction</key>
		<integer>0</integer>
		<key>group name</key>
		<string>Experimental</string>
	</dict>
	<dict>
		<key>conditions</key>
		<array>
			<dict>
				<key>comparison</key>
				<integer>2</integer>
				<key>key</key>
				<string>Keywords</string>
				<key>value</key>
				<string>GOAL</string>
				<key>version</key>
				<string>1</string>
			</dict>
		</array>
		<key>conjunction</key>
		<integer>0</integer>
		<key>group name</key>
		<string>GOAL</string>
	</dict>
	<dict>
		<key>conditions</key>
		<array>
			<dict>
				<key>comparison</key>
				<integer>2</integer>
				<key>key</key>
				<string>Keywords</string>
				<key>value</key>
				<string>Model Checking</string>
				<key>version</key>
				<string>1</string>
			</dict>
		</array>
		<key>conjunction</key>
		<integer>0</integer>
		<key>group name</key>
		<string>Model Checking</string>
	</dict>
	<dict>
		<key>conditions</key>
		<array>
			<dict>
				<key>comparison</key>
				<integer>2</integer>
				<key>key</key>
				<string>Keywords</string>
				<key>value</key>
				<string>About Safra</string>
				<key>version</key>
				<string>1</string>
			</dict>
		</array>
		<key>conjunction</key>
		<integer>0</integer>
		<key>group name</key>
		<string>On Safra</string>
	</dict>
	<dict>
		<key>conditions</key>
		<array>
			<dict>
				<key>comparison</key>
				<integer>2</integer>
				<key>key</key>
				<string>Keywords</string>
				<key>value</key>
				<string>Proof</string>
				<key>version</key>
				<string>1</string>
			</dict>
		</array>
		<key>conjunction</key>
		<integer>0</integer>
		<key>group name</key>
		<string>Proofs</string>
	</dict>
	<dict>
		<key>conditions</key>
		<array>
			<dict>
				<key>comparison</key>
				<integer>2</integer>
				<key>key</key>
				<string>Keywords</string>
				<key>value</key>
				<string>Seminal</string>
				<key>version</key>
				<string>1</string>
			</dict>
		</array>
		<key>conjunction</key>
		<integer>0</integer>
		<key>group name</key>
		<string>Seminal</string>
	</dict>
	<dict>
		<key>conditions</key>
		<array>
			<dict>
				<key>comparison</key>
				<integer>2</integer>
				<key>key</key>
				<string>Keywords</string>
				<key>value</key>
				<string>Nitsche</string>
				<key>version</key>
				<string>1</string>
			</dict>
		</array>
		<key>conjunction</key>
		<integer>0</integer>
		<key>group name</key>
		<string>Ultes-Nitsche</string>
	</dict>
</array>
</plist>
}}
