%% This BibTeX bibliography file was created using BibDesk.
%% http://bibdesk.sourceforge.net/


%% Created for Daniel Weibel at 2014-10-21 20:34:20 +0200 


%% Saved with string encoding Unicode (UTF-8) 



@inproceedings{schewe2009buchi,
	Author = {Schewe, Sven},
	Booktitle = {26th International Symposium on Theoretical Aspects of Computer Science-STACS 2009},
	Date-Added = {2014-10-21 18:33:27 +0000},
	Date-Modified = {2014-10-21 18:34:20 +0000},
	Keywords = {Construction, Rank-based},
	Pages = {661--672},
	Title = {B{\"u}chi Complementation Made Tight},
	Year = {2009},
	Bdsk-File-1 = {YnBsaXN0MDDUAQIDBAUGJCVYJHZlcnNpb25YJG9iamVjdHNZJGFyY2hpdmVyVCR0b3ASAAGGoKgHCBMUFRYaIVUkbnVsbNMJCgsMDxJXTlMua2V5c1pOUy5vYmplY3RzViRjbGFzc6INDoACgAOiEBGABIAFgAdccmVsYXRpdmVQYXRoWWFsaWFzRGF0YV8QHnBkZi8yMDA5X3NjaGV3ZV9tYWRlX3RpZ2h0LnBkZtIXCxgZV05TLmRhdGFPEQHQAAAAAAHQAAIAAAxNYWNpbnRvc2ggSEQAAAAAAAAAAAAAAAAAAADOFE0ySCsAAAEgSugaMjAwOV9zY2hld2VfbWFkZV90aWdodC5wZGYAAAAAAAAAAAAAAAAAAAAAAAAAAAAAAAAAAAAAAAAAAAAAAAAAASA+d89SRYsAAAAAAAAAAAABAAMAAAkgAAAAAAAAAAAAAAAAAAAAA3BkZgAAEAAIAADOFDESAAAAEQAIAADPUjd7AAAAAQAYASBK6AB7NN8AelN4AAXA/gAFwJAAAhIpAAIAUE1hY2ludG9zaCBIRDpVc2VyczoAZHc6AERlc2t0b3A6AHRoZXNpczoAcGFwZXJzOgBwZGY6ADIwMDlfc2NoZXdlX21hZGVfdGlnaHQucGRmAA4ANgAaADIAMAAwADkAXwBzAGMAaABlAHcAZQBfAG0AYQBkAGUAXwB0AGkAZwBoAHQALgBwAGQAZgAPABoADABNAGEAYwBpAG4AdABvAHMAaAAgAEgARAASAD1Vc2Vycy9kdy9EZXNrdG9wL3RoZXNpcy9wYXBlcnMvcGRmLzIwMDlfc2NoZXdlX21hZGVfdGlnaHQucGRmAAATAAEvAAAVAAIACf//AACABtIbHB0eWiRjbGFzc25hbWVYJGNsYXNzZXNdTlNNdXRhYmxlRGF0YaMdHyBWTlNEYXRhWE5TT2JqZWN00hscIiNcTlNEaWN0aW9uYXJ5oiIgXxAPTlNLZXllZEFyY2hpdmVy0SYnVHJvb3SAAQAIABEAGgAjAC0AMgA3AEAARgBNAFUAYABnAGoAbABuAHEAcwB1AHcAhACOAK8AtAC8ApACkgKXAqICqwK5Ar0CxALNAtIC3wLiAvQC9wL8AAAAAAAAAgEAAAAAAAAAKAAAAAAAAAAAAAAAAAAAAv4=}}

@article{1988_safra_2,
	Annote = {Journal version},
	Author = {Safra, S.},
	Date-Added = {2014-10-21 18:28:27 +0000},
	Date-Modified = {2014-10-21 18:29:42 +0000},
	Doi = {10.1109/SFCS.1988.21948},
	Journal = {Journal of Computer and System Science},
	Keywords = {Construction, Determinisation-based, Safra},
	Title = {On the Complexity of Omega-Automata},
	Year = {1988},
	Bdsk-File-1 = {YnBsaXN0MDDUAQIDBAUGJCVYJHZlcnNpb25YJG9iamVjdHNZJGFyY2hpdmVyVCR0b3ASAAGGoKgHCBMUFRYaIVUkbnVsbNMJCgsMDxJXTlMua2V5c1pOUy5vYmplY3RzViRjbGFzc6INDoACgAOiEBGABIAFgAdccmVsYXRpdmVQYXRoWWFsaWFzRGF0YV8QFHBkZi8xOTg4X3NhZnJhXzIucGRm0hcLGBlXTlMuZGF0YU8RAagAAAAAAagAAgAADE1hY2ludG9zaCBIRAAAAAAAAAAAAAAAAAAAAM4UTTJIKwAAASBK6BAxOTg4X3NhZnJhXzIucGRmAAAAAAAAAAAAAAAAAAAAAAAAAAAAAAAAAAAAAAAAAAAAAAAAAAAAAAAAAAAAAAAAhCbyz2CvTAAAAAAAAAAAAAEAAwAACSAAAAAAAAAAAAAAAAAAAAADcGRmAAAQAAgAAM4UMRIAAAARAAgAAM9gkywAAAABABgBIEroAHs03wB6U3gABcD+AAXAkAACEikAAgBGTWFjaW50b3NoIEhEOlVzZXJzOgBkdzoARGVza3RvcDoAdGhlc2lzOgBwYXBlcnM6AHBkZjoAMTk4OF9zYWZyYV8yLnBkZgAOACIAEAAxADkAOAA4AF8AcwBhAGYAcgBhAF8AMgAuAHAAZABmAA8AGgAMAE0AYQBjAGkAbgB0AG8AcwBoACAASABEABIAM1VzZXJzL2R3L0Rlc2t0b3AvdGhlc2lzL3BhcGVycy9wZGYvMTk4OF9zYWZyYV8yLnBkZgAAEwABLwAAFQACAAn//wAAgAbSGxwdHlokY2xhc3NuYW1lWCRjbGFzc2VzXU5TTXV0YWJsZURhdGGjHR8gVk5TRGF0YVhOU09iamVjdNIbHCIjXE5TRGljdGlvbmFyeaIiIF8QD05TS2V5ZWRBcmNoaXZlctEmJ1Ryb290gAEACAARABoAIwAtADIANwBAAEYATQBVAGAAZwBqAGwAbgBxAHMAdQB3AIQAjgClAKoAsgJeAmACZQJwAnkChwKLApICmwKgAq0CsALCAsUCygAAAAAAAAIBAAAAAAAAACgAAAAAAAAAAAAAAAAAAALM}}

@inproceedings{1988_safra_1,
	Annote = {Conference version (shorter than journal version)},
	Author = {Safra, S.},
	Booktitle = {Foundations of Computer Science, 1988., 29th Annual Symposium on},
	Date-Added = {2014-10-21 18:25:31 +0000},
	Date-Modified = {2014-10-21 18:29:53 +0000},
	Doi = {10.1109/SFCS.1988.21948},
	Keywords = {Construction, Determinisation-based, Safra},
	Month = {Oct},
	Pages = {319-327},
	Title = {On the Complexity of Omega-Automata},
	Year = {1988},
	Bdsk-File-1 = {YnBsaXN0MDDUAQIDBAUGJCVYJHZlcnNpb25YJG9iamVjdHNZJGFyY2hpdmVyVCR0b3ASAAGGoKgHCBMUFRYaIVUkbnVsbNMJCgsMDxJXTlMua2V5c1pOUy5vYmplY3RzViRjbGFzc6INDoACgAOiEBGABIAFgAdccmVsYXRpdmVQYXRoWWFsaWFzRGF0YV8QFHBkZi8xOTg4X3NhZnJhXzEucGRm0hcLGBlXTlMuZGF0YU8RAagAAAAAAagAAgAADE1hY2ludG9zaCBIRAAAAAAAAAAAAAAAAAAAAM4UTTJIKwAAASBK6BAxOTg4X3NhZnJhXzEucGRmAAAAAAAAAAAAAAAAAAAAAAAAAAAAAAAAAAAAAAAAAAAAAAAAAAAAAAAAAAAAAAAAfNcQz1JPGgAAAAAAAAAAAAEAAwAACSAAAAAAAAAAAAAAAAAAAAADcGRmAAAQAAgAAM4UMRIAAAARAAgAAM9SQQoAAAABABgBIEroAHs03wB6U3gABcD+AAXAkAACEikAAgBGTWFjaW50b3NoIEhEOlVzZXJzOgBkdzoARGVza3RvcDoAdGhlc2lzOgBwYXBlcnM6AHBkZjoAMTk4OF9zYWZyYV8xLnBkZgAOACIAEAAxADkAOAA4AF8AcwBhAGYAcgBhAF8AMQAuAHAAZABmAA8AGgAMAE0AYQBjAGkAbgB0AG8AcwBoACAASABEABIAM1VzZXJzL2R3L0Rlc2t0b3AvdGhlc2lzL3BhcGVycy9wZGYvMTk4OF9zYWZyYV8xLnBkZgAAEwABLwAAFQACAAn//wAAgAbSGxwdHlokY2xhc3NuYW1lWCRjbGFzc2VzXU5TTXV0YWJsZURhdGGjHR8gVk5TRGF0YVhOU09iamVjdNIbHCIjXE5TRGljdGlvbmFyeaIiIF8QD05TS2V5ZWRBcmNoaXZlctEmJ1Ryb290gAEACAARABoAIwAtADIANwBAAEYATQBVAGAAZwBqAGwAbgBxAHMAdQB3AIQAjgClAKoAsgJeAmACZQJwAnkChwKLApICmwKgAq0CsALCAsUCygAAAAAAAAIBAAAAAAAAACgAAAAAAAAAAAAAAAAAAALM}}

@article{PrasadSistla1987217,
	Author = {A. Prasad Sistla and Moshe Y. Vardi and Pierre Wolper},
	Date-Added = {2014-10-21 18:21:46 +0000},
	Date-Modified = {2014-10-21 18:23:28 +0000},
	Doi = {http://dx.doi.org/10.1016/0304-3975(87)90008-9},
	Issn = {0304-3975},
	Journal = {Theoretical Computer Science},
	Keywords = {Construction, Ramsey-based},
	Number = {2--3},
	Pages = {217 - 237},
	Title = {The complementation problem for B{\"u}chi automata with applications to temporal logic},
	Url = {http://www.sciencedirect.com/science/article/pii/0304397587900089},
	Volume = {49},
	Year = {1987},
	Bdsk-File-1 = {YnBsaXN0MDDUAQIDBAUGJCVYJHZlcnNpb25YJG9iamVjdHNZJGFyY2hpdmVyVCR0b3ASAAGGoKgHCBMUFRYaIVUkbnVsbNMJCgsMDxJXTlMua2V5c1pOUy5vYmplY3RzViRjbGFzc6INDoACgAOiEBGABIAFgAdccmVsYXRpdmVQYXRoWWFsaWFzRGF0YV8QE3BkZi8xOTg3X3Npc3RsYS5wZGbSFwsYGVdOUy5kYXRhTxEBpAAAAAABpAACAAAMTWFjaW50b3NoIEhEAAAAAAAAAAAAAAAAAAAAzhRNMkgrAAABIEroDzE5ODdfc2lzdGxhLnBkZgAAAAAAAAAAAAAAAAAAAAAAAAAAAAAAAAAAAAAAAAAAAAAAAAAAAAAAAAAAAAAAAAEgPh7PZKLnAAAAAAAAAAAAAQADAAAJIAAAAAAAAAAAAAAAAAAAAANwZGYAABAACAAAzhQxEgAAABEACAAAz2SGxwAAAAEAGAEgSugAezTfAHpTeAAFwP4ABcCQAAISKQACAEVNYWNpbnRvc2ggSEQ6VXNlcnM6AGR3OgBEZXNrdG9wOgB0aGVzaXM6AHBhcGVyczoAcGRmOgAxOTg3X3Npc3RsYS5wZGYAAA4AIAAPADEAOQA4ADcAXwBzAGkAcwB0AGwAYQAuAHAAZABmAA8AGgAMAE0AYQBjAGkAbgB0AG8AcwBoACAASABEABIAMlVzZXJzL2R3L0Rlc2t0b3AvdGhlc2lzL3BhcGVycy9wZGYvMTk4N19zaXN0bGEucGRmABMAAS8AABUAAgAJ//8AAIAG0hscHR5aJGNsYXNzbmFtZVgkY2xhc3Nlc11OU011dGFibGVEYXRhox0fIFZOU0RhdGFYTlNPYmplY3TSGxwiI1xOU0RpY3Rpb25hcnmiIiBfEA9OU0tleWVkQXJjaGl2ZXLRJidUcm9vdIABAAgAEQAaACMALQAyADcAQABGAE0AVQBgAGcAagBsAG4AcQBzAHUAdwCEAI4ApACpALECWQJbAmACawJ0AoIChgKNApYCmwKoAqsCvQLAAsUAAAAAAAACAQAAAAAAAAAoAAAAAAAAAAAAAAAAAAACxw==}}

@article{Kurshan198759,
	Author = {R.P. Kurshan},
	Date-Added = {2014-10-21 18:19:05 +0000},
	Date-Modified = {2014-10-21 18:19:46 +0000},
	Doi = {http://dx.doi.org/10.1016/0022-0000(87)90036-5},
	Issn = {0022-0000},
	Journal = {Journal of Computer and System Sciences},
	Keywords = {Construction, Kurshan},
	Number = {1},
	Pages = {59 - 71},
	Title = {Complementing deterministic B{\"u}chi automata in polynomial time},
	Url = {http://www.sciencedirect.com/science/article/pii/0022000087900365},
	Volume = {35},
	Year = {1987},
	Bdsk-File-1 = {YnBsaXN0MDDUAQIDBAUGJCVYJHZlcnNpb25YJG9iamVjdHNZJGFyY2hpdmVyVCR0b3ASAAGGoKgHCBMUFRYaIVUkbnVsbNMJCgsMDxJXTlMua2V5c1pOUy5vYmplY3RzViRjbGFzc6INDoACgAOiEBGABIAFgAdccmVsYXRpdmVQYXRoWWFsaWFzRGF0YV8QFHBkZi8xOTg3X2t1cnNoYW4ucGRm0hcLGBlXTlMuZGF0YU8RAagAAAAAAagAAgAADE1hY2ludG9zaCBIRAAAAAAAAAAAAAAAAAAAAM4UTTJIKwAAASBK6BAxOTg3X2t1cnNoYW4ucGRmAAAAAAAAAAAAAAAAAAAAAAAAAAAAAAAAAAAAAAAAAAAAAAAAAAAAAAAAAAAAAAAA1t95z2HIKgAAAAAAAAAAAAEAAwAACSAAAAAAAAAAAAAAAAAAAAADcGRmAAAQAAgAAM4UMRIAAAARAAgAAM9hrAoAAAABABgBIEroAHs03wB6U3gABcD+AAXAkAACEikAAgBGTWFjaW50b3NoIEhEOlVzZXJzOgBkdzoARGVza3RvcDoAdGhlc2lzOgBwYXBlcnM6AHBkZjoAMTk4N19rdXJzaGFuLnBkZgAOACIAEAAxADkAOAA3AF8AawB1AHIAcwBoAGEAbgAuAHAAZABmAA8AGgAMAE0AYQBjAGkAbgB0AG8AcwBoACAASABEABIAM1VzZXJzL2R3L0Rlc2t0b3AvdGhlc2lzL3BhcGVycy9wZGYvMTk4N19rdXJzaGFuLnBkZgAAEwABLwAAFQACAAn//wAAgAbSGxwdHlokY2xhc3NuYW1lWCRjbGFzc2VzXU5TTXV0YWJsZURhdGGjHR8gVk5TRGF0YVhOU09iamVjdNIbHCIjXE5TRGljdGlvbmFyeaIiIF8QD05TS2V5ZWRBcmNoaXZlctEmJ1Ryb290gAEACAARABoAIwAtADIANwBAAEYATQBVAGAAZwBqAGwAbgBxAHMAdQB3AIQAjgClAKoAsgJeAmACZQJwAnkChwKLApICmwKgAq0CsALCAsUCygAAAAAAAAIBAAAAAAAAACgAAAAAAAAAAAAAAAAAAALM}}

@article{1959_rabin,
	Annote = {Introduces non-deterministic finite state automata (on finite words) and the subset-construction.},
	Author = {Rabin, M.O. and Scott, D.},
	Date-Added = {2014-10-21 18:15:25 +0000},
	Date-Modified = {2014-10-21 18:15:45 +0000},
	Doi = {10.1147/rd.32.0114},
	Issn = {0018-8646},
	Journal = {IBM Journal of Research and Development},
	Keywords = {Fundamental},
	Month = {April},
	Number = {2},
	Pages = {114-125},
	Title = {Finite Automata and Their Decision Problems},
	Volume = {3},
	Year = {1959},
	Bdsk-File-1 = {YnBsaXN0MDDUAQIDBAUGJCVYJHZlcnNpb25YJG9iamVjdHNZJGFyY2hpdmVyVCR0b3ASAAGGoKgHCBMUFRYaIVUkbnVsbNMJCgsMDxJXTlMua2V5c1pOUy5vYmplY3RzViRjbGFzc6INDoACgAOiEBGABIAFgAdccmVsYXRpdmVQYXRoWWFsaWFzRGF0YV8QGHBkZi8xOTU5X3JhYmluX3Njb3R0LnBkZtIXCxgZV05TLmRhdGFPEQG4AAAAAAG4AAIAAAxNYWNpbnRvc2ggSEQAAAAAAAAAAAAAAAAAAADOFE0ySCsAAAEgSugUMTk1OV9yYWJpbl9zY290dC5wZGYAAAAAAAAAAAAAAAAAAAAAAAAAAAAAAAAAAAAAAAAAAAAAAAAAAAAAAAAAASA76dBsLwYAAAAAAAAAAAABAAMAAAkgAAAAAAAAAAAAAAAAAAAAA3BkZgAAEAAIAADOFDESAAAAEQAIAADQbBLmAAAAAQAYASBK6AB7NN8AelN4AAXA/gAFwJAAAhIpAAIASk1hY2ludG9zaCBIRDpVc2VyczoAZHc6AERlc2t0b3A6AHRoZXNpczoAcGFwZXJzOgBwZGY6ADE5NTlfcmFiaW5fc2NvdHQucGRmAA4AKgAUADEAOQA1ADkAXwByAGEAYgBpAG4AXwBzAGMAbwB0AHQALgBwAGQAZgAPABoADABNAGEAYwBpAG4AdABvAHMAaAAgAEgARAASADdVc2Vycy9kdy9EZXNrdG9wL3RoZXNpcy9wYXBlcnMvcGRmLzE5NTlfcmFiaW5fc2NvdHQucGRmAAATAAEvAAAVAAIACf//AACABtIbHB0eWiRjbGFzc25hbWVYJGNsYXNzZXNdTlNNdXRhYmxlRGF0YaMdHyBWTlNEYXRhWE5TT2JqZWN00hscIiNcTlNEaWN0aW9uYXJ5oiIgXxAPTlNLZXllZEFyY2hpdmVy0SYnVHJvb3SAAQAIABEAGgAjAC0AMgA3AEAARgBNAFUAYABnAGoAbABuAHEAcwB1AHcAhACOAKkArgC2AnICdAJ5AoQCjQKbAp8CpgKvArQCwQLEAtYC2QLeAAAAAAAAAgEAAAAAAAAAKAAAAAAAAAAAAAAAAAAAAuA=}}

@inproceedings{1963_muller,
	Author = {Muller, David E.},
	Booktitle = {Switching Circuit Theory and Logical Design, Proceedings of the Fourth Annual Symposium on},
	Date-Added = {2014-10-21 18:12:42 +0000},
	Date-Modified = {2014-10-21 18:13:46 +0000},
	Doi = {10.1109/SWCT.1963.8},
	Keywords = {Fundamental},
	Month = {Oct},
	Pages = {3-16},
	Title = {Infinite sequences and finite machines},
	Year = {1963},
	Bdsk-File-1 = {YnBsaXN0MDDUAQIDBAUGJCVYJHZlcnNpb25YJG9iamVjdHNZJGFyY2hpdmVyVCR0b3ASAAGGoKgHCBMUFRYaIVUkbnVsbNMJCgsMDxJXTlMua2V5c1pOUy5vYmplY3RzViRjbGFzc6INDoACgAOiEBGABIAFgAdccmVsYXRpdmVQYXRoWWFsaWFzRGF0YV8QE3BkZi8xOTYzX211bGxlci5wZGbSFwsYGVdOUy5kYXRhTxEBpAAAAAABpAACAAAMTWFjaW50b3NoIEhEAAAAAAAAAAAAAAAAAAAAzhRNMkgrAAABIEroDzE5NjNfbXVsbGVyLnBkZgAAAAAAAAAAAAAAAAAAAAAAAAAAAAAAAAAAAAAAAAAAAAAAAAAAAAAAAAAAAAAAAAEgT2PPXI9sAAAAAAAAAAAAAQADAAAJIAAAAAAAAAAAAAAAAAAAAANwZGYAABAACAAAzhQxEgAAABEACAAAz1yBXAAAAAEAGAEgSugAezTfAHpTeAAFwP4ABcCQAAISKQACAEVNYWNpbnRvc2ggSEQ6VXNlcnM6AGR3OgBEZXNrdG9wOgB0aGVzaXM6AHBhcGVyczoAcGRmOgAxOTYzX211bGxlci5wZGYAAA4AIAAPADEAOQA2ADMAXwBtAHUAbABsAGUAcgAuAHAAZABmAA8AGgAMAE0AYQBjAGkAbgB0AG8AcwBoACAASABEABIAMlVzZXJzL2R3L0Rlc2t0b3AvdGhlc2lzL3BhcGVycy9wZGYvMTk2M19tdWxsZXIucGRmABMAAS8AABUAAgAJ//8AAIAG0hscHR5aJGNsYXNzbmFtZVgkY2xhc3Nlc11OU011dGFibGVEYXRhox0fIFZOU0RhdGFYTlNPYmplY3TSGxwiI1xOU0RpY3Rpb25hcnmiIiBfEA9OU0tleWVkQXJjaGl2ZXLRJidUcm9vdIABAAgAEQAaACMALQAyADcAQABGAE0AVQBgAGcAagBsAG4AcQBzAHUAdwCEAI4ApACpALECWQJbAmACawJ0AoIChgKNApYCmwKoAqsCvQLAAsUAAAAAAAACAQAAAAAAAAAoAAAAAAAAAAAAAAAAAAACxw==}}

@incollection{Thomas:1991,
	Acmid = {114895},
	Address = {Cambridge, MA, USA},
	Author = {Thomas, Wolfgang},
	Booktitle = {Handbook of Theoretical Computer Science (Vol. B)},
	Chapter = {Automata on Infinite Objects},
	Date-Added = {2014-10-21 18:04:44 +0000},
	Date-Modified = {2014-10-21 18:05:53 +0000},
	Editor = {van Leeuwen, Jan},
	Isbn = {0-444-88074-7},
	Keywords = {Proof},
	Numpages = {59},
	Pages = {133--191},
	Publisher = {MIT Press},
	Title = {Automata on Infinite Objects},
	Url = {http://dl.acm.org/citation.cfm?id=114891.114895},
	Year = {1990},
	Bdsk-File-1 = {YnBsaXN0MDDUAQIDBAUGJCVYJHZlcnNpb25YJG9iamVjdHNZJGFyY2hpdmVyVCR0b3ASAAGGoKgHCBMUFRYaIVUkbnVsbNMJCgsMDxJXTlMua2V5c1pOUy5vYmplY3RzViRjbGFzc6INDoACgAOiEBGABIAFgAdccmVsYXRpdmVQYXRoWWFsaWFzRGF0YV8QE3BkZi8xOTkwX3Rob21hcy5wZGbSFwsYGVdOUy5kYXRhTxEBpAAAAAABpAACAAAMTWFjaW50b3NoIEhEAAAAAAAAAAAAAAAAAAAAzhRNMkgrAAABIEroDzE5OTBfdGhvbWFzLnBkZgAAAAAAAAAAAAAAAAAAAAAAAAAAAAAAAAAAAAAAAAAAAAAAAAAAAAAAAAAAAAAAAAEgRGLPUiQXAAAAAAAAAAAAAQADAAAJIAAAAAAAAAAAAAAAAAAAAANwZGYAABAACAAAzhQxEgAAABEACAAAz1IWBwAAAAEAGAEgSugAezTfAHpTeAAFwP4ABcCQAAISKQACAEVNYWNpbnRvc2ggSEQ6VXNlcnM6AGR3OgBEZXNrdG9wOgB0aGVzaXM6AHBhcGVyczoAcGRmOgAxOTkwX3Rob21hcy5wZGYAAA4AIAAPADEAOQA5ADAAXwB0AGgAbwBtAGEAcwAuAHAAZABmAA8AGgAMAE0AYQBjAGkAbgB0AG8AcwBoACAASABEABIAMlVzZXJzL2R3L0Rlc2t0b3AvdGhlc2lzL3BhcGVycy9wZGYvMTk5MF90aG9tYXMucGRmABMAAS8AABUAAgAJ//8AAIAG0hscHR5aJGNsYXNzbmFtZVgkY2xhc3Nlc11OU011dGFibGVEYXRhox0fIFZOU0RhdGFYTlNPYmplY3TSGxwiI1xOU0RpY3Rpb25hcnmiIiBfEA9OU0tleWVkQXJjaGl2ZXLRJidUcm9vdIABAAgAEQAaACMALQAyADcAQABGAE0AVQBgAGcAagBsAG4AcQBzAHUAdwCEAI4ApACpALECWQJbAmACawJ0AoIChgKNApYCmwKoAqsCvQLAAsUAAAAAAAACAQAAAAAAAAAoAAAAAAAAAAAAAAAAAAACxw==}}

@article{fogarty2013unifying,
	Author = {Fogarty, Seth J and Kupferman, Orna and Wilke, Thomas and Vardi, Moshe Y},
	Date-Added = {2014-10-21 17:54:55 +0000},
	Date-Modified = {2014-10-21 17:56:29 +0000},
	Journal = {Logical Methods in Computer Science},
	Keywords = {Rank, Slice},
	Number = {1},
	Title = {Unifying B{\"u}chi Complementation Constructions},
	Volume = {9},
	Year = {2013},
	Bdsk-File-1 = {YnBsaXN0MDDUAQIDBAUGJCVYJHZlcnNpb25YJG9iamVjdHNZJGFyY2hpdmVyVCR0b3ASAAGGoKgHCBMUFRYaIVUkbnVsbNMJCgsMDxJXTlMua2V5c1pOUy5vYmplY3RzViRjbGFzc6INDoACgAOiEBGABIAFgAdccmVsYXRpdmVQYXRoWWFsaWFzRGF0YV8QFHBkZi8yMDEzX2ZvZ2FydHkucGRm0hcLGBlXTlMuZGF0YU8RAagAAAAAAagAAgAADE1hY2ludG9zaCBIRAAAAAAAAAAAAAAAAAAAAM4UTTJIKwAAASBK6BAyMDEzX2ZvZ2FydHkucGRmAAAAAAAAAAAAAAAAAAAAAAAAAAAAAAAAAAAAAAAAAAAAAAAAAAAAAAAAAAAAAAAA4Qxgz/lkQwAAAAAAAAAAAAEAAwAACSAAAAAAAAAAAAAAAAAAAAADcGRmAAAQAAgAAM4UMRIAAAARAAgAAM/5SCMAAAABABgBIEroAHs03wB6U3gABcD+AAXAkAACEikAAgBGTWFjaW50b3NoIEhEOlVzZXJzOgBkdzoARGVza3RvcDoAdGhlc2lzOgBwYXBlcnM6AHBkZjoAMjAxM19mb2dhcnR5LnBkZgAOACIAEAAyADAAMQAzAF8AZgBvAGcAYQByAHQAeQAuAHAAZABmAA8AGgAMAE0AYQBjAGkAbgB0AG8AcwBoACAASABEABIAM1VzZXJzL2R3L0Rlc2t0b3AvdGhlc2lzL3BhcGVycy9wZGYvMjAxM19mb2dhcnR5LnBkZgAAEwABLwAAFQACAAn//wAAgAbSGxwdHlokY2xhc3NuYW1lWCRjbGFzc2VzXU5TTXV0YWJsZURhdGGjHR8gVk5TRGF0YVhOU09iamVjdNIbHCIjXE5TRGljdGlvbmFyeaIiIF8QD05TS2V5ZWRBcmNoaXZlctEmJ1Ryb290gAEACAARABoAIwAtADIANwBAAEYATQBVAGAAZwBqAGwAbgBxAHMAdQB3AIQAjgClAKoAsgJeAmACZQJwAnkChwKLApICmwKgAq0CsALCAsUCygAAAAAAAAIBAAAAAAAAACgAAAAAAAAAAAAAAAAAAALM}}

@incollection{2007_vardi,
	Author = {Vardi, MosheY.},
	Booktitle = {STACS 2007},
	Date-Added = {2014-10-21 17:50:44 +0000},
	Date-Modified = {2014-10-21 17:51:08 +0000},
	Doi = {10.1007/978-3-540-70918-3_2},
	Editor = {Thomas, Wolfgang and Weil, Pascal},
	Isbn = {978-3-540-70917-6},
	Keywords = {Chrono},
	Language = {English},
	Pages = {12-22},
	Publisher = {Springer Berlin Heidelberg},
	Series = {Lecture Notes in Computer Science},
	Title = {The B{\"u}chi Complementation Saga},
	Url = {http://dx.doi.org/10.1007/978-3-540-70918-3_2},
	Volume = {4393},
	Year = {2007},
	Bdsk-File-1 = {YnBsaXN0MDDUAQIDBAUGJCVYJHZlcnNpb25YJG9iamVjdHNZJGFyY2hpdmVyVCR0b3ASAAGGoKgHCBMUFRYaIVUkbnVsbNMJCgsMDxJXTlMua2V5c1pOUy5vYmplY3RzViRjbGFzc6INDoACgAOiEBGABIAFgAdccmVsYXRpdmVQYXRoWWFsaWFzRGF0YV8QJ3BkZi8yMDA3X3ZhcmRpX2NvbXBsZW1lbnRhdGlvbl9zYWdhLnBkZtIXCxgZV05TLmRhdGFPEQHwAAAAAAHwAAIAAAxNYWNpbnRvc2ggSEQAAAAAAAAAAAAAAAAAAADOFE0ySCsAAAEgSugfMjAwN192YXJkaV9jb21wbGVtZW4jRTEwRDY5LnBkZgAAAAAAAAAAAAAAAAAAAAAAAAAAAAAAAAAAAAAAAAAAAOENac9SP60AAAAAAAAAAAABAAMAAAkgAAAAAAAAAAAAAAAAAAAAA3BkZgAAEAAIAADOFDESAAAAEQAIAADPUjGdAAAAAQAYASBK6AB7NN8AelN4AAXA/gAFwJAAAhIpAAIAVU1hY2ludG9zaCBIRDpVc2VyczoAZHc6AERlc2t0b3A6AHRoZXNpczoAcGFwZXJzOgBwZGY6ADIwMDdfdmFyZGlfY29tcGxlbWVuI0UxMEQ2OS5wZGYAAA4ASAAjADIAMAAwADcAXwB2AGEAcgBkAGkAXwBjAG8AbQBwAGwAZQBtAGUAbgB0AGEAdABpAG8AbgBfAHMAYQBnAGEALgBwAGQAZgAPABoADABNAGEAYwBpAG4AdABvAHMAaAAgAEgARAASAEZVc2Vycy9kdy9EZXNrdG9wL3RoZXNpcy9wYXBlcnMvcGRmLzIwMDdfdmFyZGlfY29tcGxlbWVudGF0aW9uX3NhZ2EucGRmABMAAS8AABUAAgAJ//8AAIAG0hscHR5aJGNsYXNzbmFtZVgkY2xhc3Nlc11OU011dGFibGVEYXRhox0fIFZOU0RhdGFYTlNPYmplY3TSGxwiI1xOU0RpY3Rpb25hcnmiIiBfEA9OU0tleWVkQXJjaGl2ZXLRJidUcm9vdIABAAgAEQAaACMALQAyADcAQABGAE0AVQBgAGcAagBsAG4AcQBzAHUAdwCEAI4AuAC9AMUCuQK7AsACywLUAuIC5gLtAvYC+wMIAwsDHQMgAyUAAAAAAAACAQAAAAAAAAAoAAAAAAAAAAAAAAAAAAADJw==}}

@incollection{2010_tsai,
	Author = {Tsai, Ming-Hsien and Fogarty, Seth and Vardi, MosheY. and Tsay, Yih-Kuen},
	Booktitle = {Implementation and Application of Automata},
	Date-Added = {2014-10-21 17:46:31 +0000},
	Date-Modified = {2014-10-21 17:47:54 +0000},
	Doi = {10.1007/978-3-642-18098-9_28},
	Editor = {Domaratzki, Michael and Salomaa, Kai},
	Isbn = {978-3-642-18097-2},
	Keywords = {Experimental, GOAL, Chrono},
	Language = {English},
	Pages = {261-271},
	Publisher = {Springer Berlin Heidelberg},
	Series = {Lecture Notes in Computer Science},
	Title = {State of B{\"u}chi Complementation},
	Url = {http://dx.doi.org/10.1007/978-3-642-18098-9_28},
	Volume = {6482},
	Year = {2011},
	Bdsk-File-1 = {YnBsaXN0MDDUAQIDBAUGJCVYJHZlcnNpb25YJG9iamVjdHNZJGFyY2hpdmVyVCR0b3ASAAGGoKgHCBMUFRYaIVUkbnVsbNMJCgsMDxJXTlMua2V5c1pOUy5vYmplY3RzViRjbGFzc6INDoACgAOiEBGABIAFgAdccmVsYXRpdmVQYXRoWWFsaWFzRGF0YV8QEXBkZi8yMDExX3RzYWkucGRm0hcLGBlXTlMuZGF0YU8RAZwAAAAAAZwAAgAADE1hY2ludG9zaCBIRAAAAAAAAAAAAAAAAAAAAM4UTTJIKwAAASBK6A0yMDExX3RzYWkucGRmAAAAAAAAAAAAAAAAAAAAAAAAAAAAAAAAAAAAAAAAAAAAAAAAAAAAAAAAAAAAAAAAAAABH9yy0DsaYgAAAAAAAAAAAAEAAwAACSAAAAAAAAAAAAAAAAAAAAADcGRmAAAQAAgAAM4UMRIAAAARAAgAANA6/kIAAAABABgBIEroAHs03wB6U3gABcD+AAXAkAACEikAAgBDTWFjaW50b3NoIEhEOlVzZXJzOgBkdzoARGVza3RvcDoAdGhlc2lzOgBwYXBlcnM6AHBkZjoAMjAxMV90c2FpLnBkZgAADgAcAA0AMgAwADEAMQBfAHQAcwBhAGkALgBwAGQAZgAPABoADABNAGEAYwBpAG4AdABvAHMAaAAgAEgARAASADBVc2Vycy9kdy9EZXNrdG9wL3RoZXNpcy9wYXBlcnMvcGRmLzIwMTFfdHNhaS5wZGYAEwABLwAAFQACAAn//wAAgAbSGxwdHlokY2xhc3NuYW1lWCRjbGFzc2VzXU5TTXV0YWJsZURhdGGjHR8gVk5TRGF0YVhOU09iamVjdNIbHCIjXE5TRGljdGlvbmFyeaIiIF8QD05TS2V5ZWRBcmNoaXZlctEmJ1Ryb290gAEACAARABoAIwAtADIANwBAAEYATQBVAGAAZwBqAGwAbgBxAHMAdQB3AIQAjgCiAKcArwJPAlECVgJhAmoCeAJ8AoMCjAKRAp4CoQKzArYCuwAAAAAAAAIBAAAAAAAAACgAAAAAAAAAAAAAAAAAAAK9},
	Bdsk-File-2 = {YnBsaXN0MDDUAQIDBAUGJCVYJHZlcnNpb25YJG9iamVjdHNZJGFyY2hpdmVyVCR0b3ASAAGGoKgHCBMUFRYaIVUkbnVsbNMJCgsMDxJXTlMua2V5c1pOUy5vYmplY3RzViRjbGFzc6INDoACgAOiEBGABIAFgAdccmVsYXRpdmVQYXRoWWFsaWFzRGF0YV8QHnBkZi8yMDExX3RzYWlfZnVsbF92ZXJzaW9uLnBkZtIXCxgZV05TLmRhdGFPEQHQAAAAAAHQAAIAAAxNYWNpbnRvc2ggSEQAAAAAAAAAAAAAAAAAAADOFE0ySCsAAAEgSugaMjAxMV90c2FpX2Z1bGxfdmVyc2lvbi5wZGYAAAAAAAAAAAAAAAAAAAAAAAAAAAAAAAAAAAAAAAAAAAAAAAAAAO6XftANQtkAAAAAAAAAAAABAAMAAAkgAAAAAAAAAAAAAAAAAAAAA3BkZgAAEAAIAADOFDESAAAAEQAIAADQDSa5AAAAAQAYASBK6AB7NN8AelN4AAXA/gAFwJAAAhIpAAIAUE1hY2ludG9zaCBIRDpVc2VyczoAZHc6AERlc2t0b3A6AHRoZXNpczoAcGFwZXJzOgBwZGY6ADIwMTFfdHNhaV9mdWxsX3ZlcnNpb24ucGRmAA4ANgAaADIAMAAxADEAXwB0AHMAYQBpAF8AZgB1AGwAbABfAHYAZQByAHMAaQBvAG4ALgBwAGQAZgAPABoADABNAGEAYwBpAG4AdABvAHMAaAAgAEgARAASAD1Vc2Vycy9kdy9EZXNrdG9wL3RoZXNpcy9wYXBlcnMvcGRmLzIwMTFfdHNhaV9mdWxsX3ZlcnNpb24ucGRmAAATAAEvAAAVAAIACf//AACABtIbHB0eWiRjbGFzc25hbWVYJGNsYXNzZXNdTlNNdXRhYmxlRGF0YaMdHyBWTlNEYXRhWE5TT2JqZWN00hscIiNcTlNEaWN0aW9uYXJ5oiIgXxAPTlNLZXllZEFyY2hpdmVy0SYnVHJvb3SAAQAIABEAGgAjAC0AMgA3AEAARgBNAFUAYABnAGoAbABuAHEAcwB1AHcAhACOAK8AtAC8ApACkgKXAqICqwK5Ar0CxALNAtIC3wLiAvQC9wL8AAAAAAAAAgEAAAAAAAAAKAAAAAAAAAAAAAAAAAAAAv4=}}

@article{niessner1997deterministic,
	Author = {Nie{\ss}ner, Frank and Nitsche, Ulrich and Ochsenschl{\"a}ger, Peter},
	Date-Added = {2014-10-21 17:45:16 +0000},
	Date-Modified = {2014-10-21 17:45:26 +0000},
	Keywords = {Nitsche},
	Publisher = {Citeseer},
	Title = {Deterministic omega-regular Liveness Properties},
	Year = {1997},
	Bdsk-File-1 = {YnBsaXN0MDDUAQIDBAUGJCVYJHZlcnNpb25YJG9iamVjdHNZJGFyY2hpdmVyVCR0b3ASAAGGoKgHCBMUFRYaIVUkbnVsbNMJCgsMDxJXTlMua2V5c1pOUy5vYmplY3RzViRjbGFzc6INDoACgAOiEBGABIAFgAdccmVsYXRpdmVQYXRoWWFsaWFzRGF0YV8QHXBkZi8xOTk3X25pZXNzbmVyX25pdHNjaGUucGRm0hcLGBlXTlMuZGF0YU8RAcwAAAAAAcwAAgAADE1hY2ludG9zaCBIRAAAAAAAAAAAAAAAAAAAAM4UTTJIKwAAASBK6BkxOTk3X25pZXNzbmVyX25pdHNjaGUucGRmAAAAAAAAAAAAAAAAAAAAAAAAAAAAAAAAAAAAAAAAAAAAAAAAAAABIER7z2HDhAAAAAAAAAAAAAEAAwAACSAAAAAAAAAAAAAAAAAAAAADcGRmAAAQAAgAAM4UMRIAAAARAAgAAM9hp2QAAAABABgBIEroAHs03wB6U3gABcD+AAXAkAACEikAAgBPTWFjaW50b3NoIEhEOlVzZXJzOgBkdzoARGVza3RvcDoAdGhlc2lzOgBwYXBlcnM6AHBkZjoAMTk5N19uaWVzc25lcl9uaXRzY2hlLnBkZgAADgA0ABkAMQA5ADkANwBfAG4AaQBlAHMAcwBuAGUAcgBfAG4AaQB0AHMAYwBoAGUALgBwAGQAZgAPABoADABNAGEAYwBpAG4AdABvAHMAaAAgAEgARAASADxVc2Vycy9kdy9EZXNrdG9wL3RoZXNpcy9wYXBlcnMvcGRmLzE5OTdfbmllc3NuZXJfbml0c2NoZS5wZGYAEwABLwAAFQACAAn//wAAgAbSGxwdHlokY2xhc3NuYW1lWCRjbGFzc2VzXU5TTXV0YWJsZURhdGGjHR8gVk5TRGF0YVhOU09iamVjdNIbHCIjXE5TRGljdGlvbmFyeaIiIF8QD05TS2V5ZWRBcmNoaXZlctEmJ1Ryb290gAEACAARABoAIwAtADIANwBAAEYATQBVAGAAZwBqAGwAbgBxAHMAdQB3AIQAjgCuALMAuwKLAo0CkgKdAqYCtAK4Ar8CyALNAtoC3QLvAvIC9wAAAAAAAAIBAAAAAAAAACgAAAAAAAAAAAAAAAAAAAL5}}

@article{UltesNitsche2007107,
	Author = {Ulrich Ultes-Nitsche},
	Date-Added = {2014-10-21 17:41:50 +0000},
	Date-Modified = {2014-10-21 17:42:27 +0000},
	Doi = {http://dx.doi.org/10.1016/j.ipl.2006.08.014},
	Issn = {0020-0190},
	Journal = {Information Processing Letters},
	Keywords = {Nitsche},
	Number = {3},
	Pages = {107 - 111},
	Title = {A power-set construction for reducing B{\"u}chi automata to non-determinism degree two},
	Url = {http://www.sciencedirect.com/science/article/pii/S0020019006002729},
	Volume = {101},
	Year = {2007},
	Bdsk-File-1 = {YnBsaXN0MDDUAQIDBAUGJCVYJHZlcnNpb25YJG9iamVjdHNZJGFyY2hpdmVyVCR0b3ASAAGGoKgHCBMUFRYaIVUkbnVsbNMJCgsMDxJXTlMua2V5c1pOUy5vYmplY3RzViRjbGFzc6INDoACgAOiEBGABIAFgAdccmVsYXRpdmVQYXRoWWFsaWFzRGF0YV8QFHBkZi8yMDA2X25pdHNjaGUucGRm0hcLGBlXTlMuZGF0YU8RAagAAAAAAagAAgAADE1hY2ludG9zaCBIRAAAAAAAAAAAAAAAAAAAAM4UTTJIKwAAASBK6BAyMDA2X25pdHNjaGUucGRmAAAAAAAAAAAAAAAAAAAAAAAAAAAAAAAAAAAAAAAAAAAAAAAAAAAAAAAAAAAAAAAAhChlz1xnEQAAAAAAAAAAAAEAAwAACSAAAAAAAAAAAAAAAAAAAAADcGRmAAAQAAgAAM4UMRIAAAARAAgAAM9cWQEAAAABABgBIEroAHs03wB6U3gABcD+AAXAkAACEikAAgBGTWFjaW50b3NoIEhEOlVzZXJzOgBkdzoARGVza3RvcDoAdGhlc2lzOgBwYXBlcnM6AHBkZjoAMjAwNl9uaXRzY2hlLnBkZgAOACIAEAAyADAAMAA2AF8AbgBpAHQAcwBjAGgAZQAuAHAAZABmAA8AGgAMAE0AYQBjAGkAbgB0AG8AcwBoACAASABEABIAM1VzZXJzL2R3L0Rlc2t0b3AvdGhlc2lzL3BhcGVycy9wZGYvMjAwNl9uaXRzY2hlLnBkZgAAEwABLwAAFQACAAn//wAAgAbSGxwdHlokY2xhc3NuYW1lWCRjbGFzc2VzXU5TTXV0YWJsZURhdGGjHR8gVk5TRGF0YVhOU09iamVjdNIbHCIjXE5TRGljdGlvbmFyeaIiIF8QD05TS2V5ZWRBcmNoaXZlctEmJ1Ryb290gAEACAARABoAIwAtADIANwBAAEYATQBVAGAAZwBqAGwAbgBxAHMAdQB3AIQAjgClAKoAsgJeAmACZQJwAnkChwKLApICmwKgAq0CsALCAsUCygAAAAAAAAIBAAAAAAAAACgAAAAAAAAAAAAAAAAAAALM}}

@inproceedings{vardi2005buchi,
	Author = {Vardi, Moshe Y},
	Booktitle = {5th symposium on Atomic Level Characterizations (ALC'05)},
	Date-Added = {2014-10-21 17:36:48 +0000},
	Date-Modified = {2014-10-21 17:37:26 +0000},
	Keywords = {Chrono},
	Title = {Buchi Complementation: A Forty-Year Saga},
	Year = {2005},
	Bdsk-File-1 = {YnBsaXN0MDDUAQIDBAUGJCVYJHZlcnNpb25YJG9iamVjdHNZJGFyY2hpdmVyVCR0b3ASAAGGoKgHCBMUFRYaIVUkbnVsbNMJCgsMDxJXTlMua2V5c1pOUy5vYmplY3RzViRjbGFzc6INDoACgAOiEBGABIAFgAdccmVsYXRpdmVQYXRoWWFsaWFzRGF0YV8QIHBkZi8yMDA1X3ZhcmRpX3NhZ2FfYWJzdHJhY3QucGRm0hcLGBlXTlMuZGF0YU8RAdgAAAAAAdgAAgAADE1hY2ludG9zaCBIRAAAAAAAAAAAAAAAAAAAAM4UTTJIKwAAASBK6BwyMDA1X3ZhcmRpX3NhZ2FfYWJzdHJhY3QucGRmAAAAAAAAAAAAAAAAAAAAAAAAAAAAAAAAAAAAAAAAAAAAAAABIEKg0GxBWgAAAAAAAAAAAAEAAwAACSAAAAAAAAAAAAAAAAAAAAADcGRmAAAQAAgAAM4UMRIAAAARAAgAANBsJToAAAABABgBIEroAHs03wB6U3gABcD+AAXAkAACEikAAgBSTWFjaW50b3NoIEhEOlVzZXJzOgBkdzoARGVza3RvcDoAdGhlc2lzOgBwYXBlcnM6AHBkZjoAMjAwNV92YXJkaV9zYWdhX2Fic3RyYWN0LnBkZgAOADoAHAAyADAAMAA1AF8AdgBhAHIAZABpAF8AcwBhAGcAYQBfAGEAYgBzAHQAcgBhAGMAdAAuAHAAZABmAA8AGgAMAE0AYQBjAGkAbgB0AG8AcwBoACAASABEABIAP1VzZXJzL2R3L0Rlc2t0b3AvdGhlc2lzL3BhcGVycy9wZGYvMjAwNV92YXJkaV9zYWdhX2Fic3RyYWN0LnBkZgAAEwABLwAAFQACAAn//wAAgAbSGxwdHlokY2xhc3NuYW1lWCRjbGFzc2VzXU5TTXV0YWJsZURhdGGjHR8gVk5TRGF0YVhOU09iamVjdNIbHCIjXE5TRGljdGlvbmFyeaIiIF8QD05TS2V5ZWRBcmNoaXZlctEmJ1Ryb290gAEACAARABoAIwAtADIANwBAAEYATQBVAGAAZwBqAGwAbgBxAHMAdQB3AIQAjgCxALYAvgKaApwCoQKsArUCwwLHAs4C1wLcAukC7AL+AwEDBgAAAAAAAAIBAAAAAAAAACgAAAAAAAAAAAAAAAAAAAMI}}

@article{klein2005linear,
	Author = {Klein, Joachim},
	Date-Added = {2014-10-21 17:26:45 +0000},
	Date-Modified = {2014-10-21 17:35:38 +0000},
	Journal = {Master's thesis, Universitaet Bonn},
	Keywords = {Safra, Experimental},
	Title = {Linear time logic and deterministic omega-automata},
	Year = {2005},
	Bdsk-File-1 = {YnBsaXN0MDDUAQIDBAUGJCVYJHZlcnNpb25YJG9iamVjdHNZJGFyY2hpdmVyVCR0b3ASAAGGoKgHCBMUFRYaIVUkbnVsbNMJCgsMDxJXTlMua2V5c1pOUy5vYmplY3RzViRjbGFzc6INDoACgAOiEBGABIAFgAdccmVsYXRpdmVQYXRoWWFsaWFzRGF0YV8QFnBkZi8yMDA1X2tsZWluX21zYy5wZGbSFwsYGVdOUy5kYXRhTxEBsAAAAAABsAACAAAMTWFjaW50b3NoIEhEAAAAAAAAAAAAAAAAAAAAzhRNMkgrAAABIEroEjIwMDVfa2xlaW5fbXNjLnBkZgAAAAAAAAAAAAAAAAAAAAAAAAAAAAAAAAAAAAAAAAAAAAAAAAAAAAAAAAAAAAEgKi7QbB+yAAAAAAAAAAAAAQADAAAJIAAAAAAAAAAAAAAAAAAAAANwZGYAABAACAAAzhQxEgAAABEACAAA0GwDkgAAAAEAGAEgSugAezTfAHpTeAAFwP4ABcCQAAISKQACAEhNYWNpbnRvc2ggSEQ6VXNlcnM6AGR3OgBEZXNrdG9wOgB0aGVzaXM6AHBhcGVyczoAcGRmOgAyMDA1X2tsZWluX21zYy5wZGYADgAmABIAMgAwADAANQBfAGsAbABlAGkAbgBfAG0AcwBjAC4AcABkAGYADwAaAAwATQBhAGMAaQBuAHQAbwBzAGgAIABIAEQAEgA1VXNlcnMvZHcvRGVza3RvcC90aGVzaXMvcGFwZXJzL3BkZi8yMDA1X2tsZWluX21zYy5wZGYAABMAAS8AABUAAgAJ//8AAIAG0hscHR5aJGNsYXNzbmFtZVgkY2xhc3Nlc11OU011dGFibGVEYXRhox0fIFZOU0RhdGFYTlNPYmplY3TSGxwiI1xOU0RpY3Rpb25hcnmiIiBfEA9OU0tleWVkQXJjaGl2ZXLRJidUcm9vdIABAAgAEQAaACMALQAyADcAQABGAE0AVQBgAGcAagBsAG4AcQBzAHUAdwCEAI4ApwCsALQCaAJqAm8CegKDApEClQKcAqUCqgK3AroCzALPAtQAAAAAAAACAQAAAAAAAAAoAAAAAAAAAAAAAAAAAAAC1g==}}

@incollection{2002_roggenbach,
	Author = {Roggenbach, Markus},
	Booktitle = {Automata Logics, and Infinite Games},
	Date-Added = {2014-10-21 17:26:43 +0000},
	Date-Modified = {2014-10-21 17:39:23 +0000},
	Doi = {10.1007/3-540-36387-4_3},
	Editor = {Gr{\"a}del, Erich and Thomas, Wolfgang and Wilke, Thomas},
	Isbn = {978-3-540-00388-5},
	Keywords = {Safra, Proof},
	Language = {English},
	Pages = {43-60},
	Publisher = {Springer Berlin Heidelberg},
	Series = {Lecture Notes in Computer Science},
	Title = {Determinization of B{\"u}chi-Automata},
	Url = {http://dx.doi.org/10.1007/3-540-36387-4_3},
	Volume = {2500},
	Year = {2002},
	Bdsk-File-1 = {YnBsaXN0MDDUAQIDBAUGJCVYJHZlcnNpb25YJG9iamVjdHNZJGFyY2hpdmVyVCR0b3ASAAGGoKgHCBMUFRYaIVUkbnVsbNMJCgsMDxJXTlMua2V5c1pOUy5vYmplY3RzViRjbGFzc6INDoACgAOiEBGABIAFgAdccmVsYXRpdmVQYXRoWWFsaWFzRGF0YV8QF3BkZi8yMDAyX3JvZ2dlbmJhY2gucGRm0hcLGBlXTlMuZGF0YU8RAbQAAAAAAbQAAgAADE1hY2ludG9zaCBIRAAAAAAAAAAAAAAAAAAAAM4UTTJIKwAAASBK6BMyMDAyX3JvZ2dlbmJhY2gucGRmAAAAAAAAAAAAAAAAAAAAAAAAAAAAAAAAAAAAAAAAAAAAAAAAAAAAAAAAAAABID/Az2tGSwAAAAAAAAAAAAEAAwAACSAAAAAAAAAAAAAAAAAAAAADcGRmAAAQAAgAAM4UMRIAAAARAAgAAM9rKisAAAABABgBIEroAHs03wB6U3gABcD+AAXAkAACEikAAgBJTWFjaW50b3NoIEhEOlVzZXJzOgBkdzoARGVza3RvcDoAdGhlc2lzOgBwYXBlcnM6AHBkZjoAMjAwMl9yb2dnZW5iYWNoLnBkZgAADgAoABMAMgAwADAAMgBfAHIAbwBnAGcAZQBuAGIAYQBjAGgALgBwAGQAZgAPABoADABNAGEAYwBpAG4AdABvAHMAaAAgAEgARAASADZVc2Vycy9kdy9EZXNrdG9wL3RoZXNpcy9wYXBlcnMvcGRmLzIwMDJfcm9nZ2VuYmFjaC5wZGYAEwABLwAAFQACAAn//wAAgAbSGxwdHlokY2xhc3NuYW1lWCRjbGFzc2VzXU5TTXV0YWJsZURhdGGjHR8gVk5TRGF0YVhOU09iamVjdNIbHCIjXE5TRGljdGlvbmFyeaIiIF8QD05TS2V5ZWRBcmNoaXZlctEmJ1Ryb290gAEACAARABoAIwAtADIANwBAAEYATQBVAGAAZwBqAGwAbgBxAHMAdQB3AIQAjgCoAK0AtQJtAm8CdAJ/AogClgKaAqECqgKvArwCvwLRAtQC2QAAAAAAAAIBAAAAAAAAACgAAAAAAAAAAAAAAAAAAALb}}

@incollection{2006_althoff,
	Author = {Althoff, ChristophSchulte and Thomas, Wolfgang and Wallmeier, Nico},
	Booktitle = {Implementation and Application of Automata},
	Date-Added = {2014-10-21 17:26:42 +0000},
	Date-Modified = {2014-10-21 17:35:30 +0000},
	Doi = {10.1007/11605157_22},
	Editor = {Farr{\'e}, Jacques and Litovsky, Igor and Schmitz, Sylvain},
	Isbn = {978-3-540-31023-5},
	Keywords = {Safra, Muller-Schupp, Experimental},
	Language = {English},
	Pages = {262-272},
	Publisher = {Springer Berlin Heidelberg},
	Series = {Lecture Notes in Computer Science},
	Title = {Observations on Determinization of B{\"u}chi Automata},
	Url = {http://dx.doi.org/10.1007/11605157_22},
	Volume = {3845},
	Year = {2006},
	Bdsk-File-1 = {YnBsaXN0MDDUAQIDBAUGJCVYJHZlcnNpb25YJG9iamVjdHNZJGFyY2hpdmVyVCR0b3ASAAGGoKgHCBMUFRYaIVUkbnVsbNMJCgsMDxJXTlMua2V5c1pOUy5vYmplY3RzViRjbGFzc6INDoACgAOiEBGABIAFgAdccmVsYXRpdmVQYXRoWWFsaWFzRGF0YV8QFHBkZi8yMDA2X2FsdGhvZmYucGRm0hcLGBlXTlMuZGF0YU8RAagAAAAAAagAAgAADE1hY2ludG9zaCBIRAAAAAAAAAAAAAAAAAAAAM4UTTJIKwAAASBK6BAyMDA2X2FsdGhvZmYucGRmAAAAAAAAAAAAAAAAAAAAAAAAAAAAAAAAAAAAAAAAAAAAAAAAAAAAAAAAAAAAAAABIBqK0GwECAAAAAAAAAAAAAEAAwAACSAAAAAAAAAAAAAAAAAAAAADcGRmAAAQAAgAAM4UMRIAAAARAAgAANBr5+gAAAABABgBIEroAHs03wB6U3gABcD+AAXAkAACEikAAgBGTWFjaW50b3NoIEhEOlVzZXJzOgBkdzoARGVza3RvcDoAdGhlc2lzOgBwYXBlcnM6AHBkZjoAMjAwNl9hbHRob2ZmLnBkZgAOACIAEAAyADAAMAA2AF8AYQBsAHQAaABvAGYAZgAuAHAAZABmAA8AGgAMAE0AYQBjAGkAbgB0AG8AcwBoACAASABEABIAM1VzZXJzL2R3L0Rlc2t0b3AvdGhlc2lzL3BhcGVycy9wZGYvMjAwNl9hbHRob2ZmLnBkZgAAEwABLwAAFQACAAn//wAAgAbSGxwdHlokY2xhc3NuYW1lWCRjbGFzc2VzXU5TTXV0YWJsZURhdGGjHR8gVk5TRGF0YVhOU09iamVjdNIbHCIjXE5TRGljdGlvbmFyeaIiIF8QD05TS2V5ZWRBcmNoaXZlctEmJ1Ryb290gAEACAARABoAIwAtADIANwBAAEYATQBVAGAAZwBqAGwAbgBxAHMAdQB3AIQAjgClAKoAsgJeAmACZQJwAnkChwKLApICmwKgAq0CsALCAsUCygAAAAAAAAIBAAAAAAAAACgAAAAAAAAAAAAAAAAAAALM}}

@incollection{2006_klein,
	Author = {Klein, Joachim and Baier, Christel},
	Booktitle = {Implementation and Application of Automata},
	Date-Added = {2014-10-21 17:26:41 +0000},
	Date-Modified = {2014-10-21 17:35:45 +0000},
	Doi = {10.1007/11605157_17},
	Editor = {Farr{\'e}, Jacques and Litovsky, Igor and Schmitz, Sylvain},
	Isbn = {978-3-540-31023-5},
	Keywords = {Safra, Experimental},
	Language = {English},
	Pages = {199-212},
	Publisher = {Springer Berlin Heidelberg},
	Series = {Lecture Notes in Computer Science},
	Title = {Experiments with Deterministic ω-Automata for Formulas of Linear Temporal Logic},
	Url = {http://dx.doi.org/10.1007/11605157_17},
	Volume = {3845},
	Year = {2006},
	Bdsk-File-1 = {YnBsaXN0MDDUAQIDBAUGJCVYJHZlcnNpb25YJG9iamVjdHNZJGFyY2hpdmVyVCR0b3ASAAGGoKgHCBMUFRYaIVUkbnVsbNMJCgsMDxJXTlMua2V5c1pOUy5vYmplY3RzViRjbGFzc6INDoACgAOiEBGABIAFgAdccmVsYXRpdmVQYXRoWWFsaWFzRGF0YV8QEnBkZi8yMDA2X2tsZWluLnBkZtIXCxgZV05TLmRhdGFPEQGgAAAAAAGgAAIAAAxNYWNpbnRvc2ggSEQAAAAAAAAAAAAAAAAAAADOFE0ySCsAAAEgSugOMjAwNl9rbGVpbi5wZGYAAAAAAAAAAAAAAAAAAAAAAAAAAAAAAAAAAAAAAAAAAAAAAAAAAAAAAAAAAAAAAAAAASAU6tBr+SsAAAAAAAAAAAABAAMAAAkgAAAAAAAAAAAAAAAAAAAAA3BkZgAAEAAIAADOFDESAAAAEQAIAADQa90LAAAAAQAYASBK6AB7NN8AelN4AAXA/gAFwJAAAhIpAAIARE1hY2ludG9zaCBIRDpVc2VyczoAZHc6AERlc2t0b3A6AHRoZXNpczoAcGFwZXJzOgBwZGY6ADIwMDZfa2xlaW4ucGRmAA4AHgAOADIAMAAwADYAXwBrAGwAZQBpAG4ALgBwAGQAZgAPABoADABNAGEAYwBpAG4AdABvAHMAaAAgAEgARAASADFVc2Vycy9kdy9EZXNrdG9wL3RoZXNpcy9wYXBlcnMvcGRmLzIwMDZfa2xlaW4ucGRmAAATAAEvAAAVAAIACf//AACABtIbHB0eWiRjbGFzc25hbWVYJGNsYXNzZXNdTlNNdXRhYmxlRGF0YaMdHyBWTlNEYXRhWE5TT2JqZWN00hscIiNcTlNEaWN0aW9uYXJ5oiIgXxAPTlNLZXllZEFyY2hpdmVy0SYnVHJvb3SAAQAIABEAGgAjAC0AMgA3AEAARgBNAFUAYABnAGoAbABuAHEAcwB1AHcAhACOAKMAqACwAlQCVgJbAmYCbwJ9AoECiAKRApYCowKmArgCuwLAAAAAAAAAAgEAAAAAAAAAKAAAAAAAAAAAAAAAAAAAAsI=}}

@comment{BibDesk Smart Groups{
<?xml version="1.0" encoding="UTF-8"?>
<!DOCTYPE plist PUBLIC "-//Apple//DTD PLIST 1.0//EN" "http://www.apple.com/DTDs/PropertyList-1.0.dtd">
<plist version="1.0">
<array>
	<dict>
		<key>conditions</key>
		<array>
			<dict>
				<key>comparison</key>
				<integer>2</integer>
				<key>key</key>
				<string>Keywords</string>
				<key>value</key>
				<string>Chrono</string>
				<key>version</key>
				<string>1</string>
			</dict>
		</array>
		<key>conjunction</key>
		<integer>0</integer>
		<key>group name</key>
		<string>Chronology</string>
	</dict>
	<dict>
		<key>conditions</key>
		<array>
			<dict>
				<key>comparison</key>
				<integer>2</integer>
				<key>key</key>
				<string>Keywords</string>
				<key>value</key>
				<string>Construction</string>
				<key>version</key>
				<string>1</string>
			</dict>
		</array>
		<key>conjunction</key>
		<integer>0</integer>
		<key>group name</key>
		<string>Constructions</string>
	</dict>
	<dict>
		<key>conditions</key>
		<array>
			<dict>
				<key>comparison</key>
				<integer>2</integer>
				<key>key</key>
				<string>Keywords</string>
				<key>value</key>
				<string>Experimental</string>
				<key>version</key>
				<string>1</string>
			</dict>
		</array>
		<key>conjunction</key>
		<integer>0</integer>
		<key>group name</key>
		<string>Experimental</string>
	</dict>
	<dict>
		<key>conditions</key>
		<array>
			<dict>
				<key>comparison</key>
				<integer>2</integer>
				<key>key</key>
				<string>Keywords</string>
				<key>value</key>
				<string>Fundamental</string>
				<key>version</key>
				<string>1</string>
			</dict>
		</array>
		<key>conjunction</key>
		<integer>0</integer>
		<key>group name</key>
		<string>Fundamental</string>
	</dict>
	<dict>
		<key>conditions</key>
		<array>
			<dict>
				<key>comparison</key>
				<integer>2</integer>
				<key>key</key>
				<string>Keywords</string>
				<key>value</key>
				<string>Proof</string>
				<key>version</key>
				<string>1</string>
			</dict>
		</array>
		<key>conjunction</key>
		<integer>0</integer>
		<key>group name</key>
		<string>Proofs</string>
	</dict>
	<dict>
		<key>conditions</key>
		<array>
			<dict>
				<key>comparison</key>
				<integer>2</integer>
				<key>key</key>
				<string>Keywords</string>
				<key>value</key>
				<string>Rank</string>
				<key>version</key>
				<string>1</string>
			</dict>
		</array>
		<key>conjunction</key>
		<integer>0</integer>
		<key>group name</key>
		<string>Rank</string>
	</dict>
	<dict>
		<key>conditions</key>
		<array>
			<dict>
				<key>comparison</key>
				<integer>2</integer>
				<key>key</key>
				<string>Keywords</string>
				<key>value</key>
				<string>Safra</string>
				<key>version</key>
				<string>1</string>
			</dict>
		</array>
		<key>conjunction</key>
		<integer>0</integer>
		<key>group name</key>
		<string>Safra</string>
	</dict>
	<dict>
		<key>conditions</key>
		<array>
			<dict>
				<key>comparison</key>
				<integer>2</integer>
				<key>key</key>
				<string>Keywords</string>
				<key>value</key>
				<string>Slice</string>
				<key>version</key>
				<string>1</string>
			</dict>
		</array>
		<key>conjunction</key>
		<integer>0</integer>
		<key>group name</key>
		<string>Slice</string>
	</dict>
	<dict>
		<key>conditions</key>
		<array>
			<dict>
				<key>comparison</key>
				<integer>2</integer>
				<key>key</key>
				<string>Keywords</string>
				<key>value</key>
				<string>Nitsche</string>
				<key>version</key>
				<string>1</string>
			</dict>
		</array>
		<key>conjunction</key>
		<integer>0</integer>
		<key>group name</key>
		<string>Ultes-Nitsche</string>
	</dict>
</array>
</plist>
}}
