%% This BibTeX bibliography file was created using BibDesk.
%% http://bibdesk.sourceforge.net/


%% Created for Daniel Weibel at 2014-10-23 19:36:52 +0200 


%% Saved with string encoding Unicode (UTF-8) 



@article{Streett1982121,
	Annote = {Introduction of Streett automata (according to L{\"o}ding, 1999)},
	Author = {Robert S. Streett},
	Date-Added = {2014-10-23 17:28:15 +0000},
	Date-Modified = {2014-10-23 17:34:45 +0000},
	Doi = {http://dx.doi.org/10.1016/S0019-9958(82)91258-X},
	Issn = {0019-9958},
	Journal = {Information and Control},
	Keywords = {Seminal},
	Number = {1--2},
	Pages = {121 - 141},
	Title = {Propositional dynamic logic of looping and converse is elementarily decidable},
	Url = {http://www.sciencedirect.com/science/article/pii/S001999588291258X},
	Volume = {54},
	Year = {1982},
	Bdsk-File-1 = {YnBsaXN0MDDUAQIDBAUGJCVYJHZlcnNpb25YJG9iamVjdHNZJGFyY2hpdmVyVCR0b3ASAAGGoKgHCBMUFRYaIVUkbnVsbNMJCgsMDxJXTlMua2V5c1pOUy5vYmplY3RzViRjbGFzc6INDoACgAOiEBGABIAFgAdccmVsYXRpdmVQYXRoWWFsaWFzRGF0YV8QFHBkZi8xOTgyX3N0cmVldHQucGRm0hcLGBlXTlMuZGF0YU8RAbQAAAAAAbQAAgAADE1hY2ludG9zaCBIRAAAAAAAAAAAAAAAAAAAAM4UTTJIKwAAASBK6BAxOTgyX3N0cmVldHQucGRmAAAAAAAAAAAAAAAAAAAAAAAAAAAAAAAAAAAAAAAAAAAAAAAAAAAAAAAAAAAAAAABIYtK0G8HNgAAAAAAAAAAAAEAAwAACSAAAAAAAAAAAAAAAAAAAAADcGRmAAAQAAgAAM4UMRIAAAARAAgAANBu6xYAAAABABgBIEroAHs03wB6U3gABcD+AAXAkAACEikAAgBMTWFjaW50b3NoIEhEOlVzZXJzOgBkdzoARGVza3RvcDoAdGhlc2lzOgBiaWJsaW9ncmFwaHk6AHBkZjoAMTk4Ml9zdHJlZXR0LnBkZgAOACIAEAAxADkAOAAyAF8AcwB0AHIAZQBlAHQAdAAuAHAAZABmAA8AGgAMAE0AYQBjAGkAbgB0AG8AcwBoACAASABEABIAOVVzZXJzL2R3L0Rlc2t0b3AvdGhlc2lzL2JpYmxpb2dyYXBoeS9wZGYvMTk4Ml9zdHJlZXR0LnBkZgAAEwABLwAAFQACAAn//wAAgAbSGxwdHlokY2xhc3NuYW1lWCRjbGFzc2VzXU5TTXV0YWJsZURhdGGjHR8gVk5TRGF0YVhOU09iamVjdNIbHCIjXE5TRGljdGlvbmFyeaIiIF8QD05TS2V5ZWRBcmNoaXZlctEmJ1Ryb290gAEACAARABoAIwAtADIANwBAAEYATQBVAGAAZwBqAGwAbgBxAHMAdQB3AIQAjgClAKoAsgJqAmwCcQJ8AoUCkwKXAp4CpwKsArkCvALOAtEC1gAAAAAAAAIBAAAAAAAAACgAAAAAAAAAAAAAAAAAAALY}}

@incollection{1985_mostowski,
	Annote = {Introduction of parity automata
(according to the information in L{\"o}ding, 1999)

Have only two first pages from Springer preview. Full text not accessible.},
	Author = {Mostowski, A.W.},
	Booktitle = {Computation Theory},
	Date-Added = {2014-10-23 17:08:57 +0000},
	Date-Modified = {2014-10-23 17:11:30 +0000},
	Doi = {10.1007/3-540-16066-3_15},
	Editor = {Skowron, Andrzej},
	Isbn = {978-3-540-16066-3},
	Keywords = {Seminal},
	Language = {English},
	Pages = {157-168},
	Publisher = {Springer Berlin Heidelberg},
	Series = {Lecture Notes in Computer Science},
	Title = {Regular expressions for infinite trees and a standard form of automata},
	Url = {http://dx.doi.org/10.1007/3-540-16066-3_15},
	Volume = {208},
	Year = {1985},
	Bdsk-File-1 = {YnBsaXN0MDDUAQIDBAUGJCVYJHZlcnNpb25YJG9iamVjdHNZJGFyY2hpdmVyVCR0b3ASAAGGoKgHCBMUFRYaIVUkbnVsbNMJCgsMDxJXTlMua2V5c1pOUy5vYmplY3RzViRjbGFzc6INDoACgAOiEBGABIAFgAdccmVsYXRpdmVQYXRoWWFsaWFzRGF0YV8QFnBkZi8xOTk1X21vc3Rvd3NraS5wZGbSFwsYGVdOUy5kYXRhTxEBvAAAAAABvAACAAAMTWFjaW50b3NoIEhEAAAAAAAAAAAAAAAAAAAAzhRNMkgrAAABIEroEjE5OTVfbW9zdG93c2tpLnBkZgAAAAAAAAAAAAAAAAAAAAAAAAAAAAAAAAAAAAAAAAAAAAAAAAAAAAAAAAAAAAEhh2/QbwL3AAAAAAAAAAAAAQADAAAJIAAAAAAAAAAAAAAAAAAAAANwZGYAABAACAAAzhQxEgAAABEACAAA0G7m1wAAAAEAGAEgSugAezTfAHpTeAAFwP4ABcCQAAISKQACAE5NYWNpbnRvc2ggSEQ6VXNlcnM6AGR3OgBEZXNrdG9wOgB0aGVzaXM6AGJpYmxpb2dyYXBoeToAcGRmOgAxOTk1X21vc3Rvd3NraS5wZGYADgAmABIAMQA5ADkANQBfAG0AbwBzAHQAbwB3AHMAawBpAC4AcABkAGYADwAaAAwATQBhAGMAaQBuAHQAbwBzAGgAIABIAEQAEgA7VXNlcnMvZHcvRGVza3RvcC90aGVzaXMvYmlibGlvZ3JhcGh5L3BkZi8xOTk1X21vc3Rvd3NraS5wZGYAABMAAS8AABUAAgAJ//8AAIAG0hscHR5aJGNsYXNzbmFtZVgkY2xhc3Nlc11OU011dGFibGVEYXRhox0fIFZOU0RhdGFYTlNPYmplY3TSGxwiI1xOU0RpY3Rpb25hcnmiIiBfEA9OU0tleWVkQXJjaGl2ZXLRJidUcm9vdIABAAgAEQAaACMALQAyADcAQABGAE0AVQBgAGcAagBsAG4AcQBzAHUAdwCEAI4ApwCsALQCdAJ2AnsChgKPAp0CoQKoArECtgLDAsYC2ALbAuAAAAAAAAACAQAAAAAAAAAoAAAAAAAAAAAAAAAAAAAC4g==}}

@incollection{1999_thomas,
	Annote = {Non-determinisation and non-Ramsey construction (one of the first). Not sure if it is really a rank-based construction.

NBW --> WAPA (weak alternating parity automaton)
WAPA --> complement WAPA
WAPA --> NBW

Implemented in GOAL as "wapa"},
	Author = {Thomas, Wolfgang},
	Booktitle = {Jewels are Forever},
	Date-Added = {2014-10-22 17:00:39 +0000},
	Date-Modified = {2014-10-22 17:02:42 +0000},
	Doi = {10.1007/978-3-642-60207-8_10},
	Editor = {Karhum{\"a}ki, Juhani and Maurer, Hermann and P{\u a}un, Gheorghe and Rozenberg, Grzegorz},
	Isbn = {978-3-642-64304-0},
	Keywords = {Construction, Rank-based},
	Language = {English},
	Pages = {109-120},
	Publisher = {Springer Berlin Heidelberg},
	Title = {Complementation of B{\"u}chi Automata Revisited},
	Url = {http://dx.doi.org/10.1007/978-3-642-60207-8_10},
	Year = {1999},
	Bdsk-File-1 = {YnBsaXN0MDDUAQIDBAUGJCVYJHZlcnNpb25YJG9iamVjdHNZJGFyY2hpdmVyVCR0b3ASAAGGoKgHCBMUFRYaIVUkbnVsbNMJCgsMDxJXTlMua2V5c1pOUy5vYmplY3RzViRjbGFzc6INDoACgAOiEBGABIAFgAdccmVsYXRpdmVQYXRoWWFsaWFzRGF0YV8QE3BkZi8xOTk5X3Rob21hcy5wZGbSFwsYGVdOUy5kYXRhTxEBsAAAAAABsAACAAAMTWFjaW50b3NoIEhEAAAAAAAAAAAAAAAAAAAAzhRNMkgrAAABIEroDzE5OTlfdGhvbWFzLnBkZgAAAAAAAAAAAAAAAAAAAAAAAAAAAAAAAAAAAAAAAAAAAAAAAAAAAAAAAAAAAAAAAAEhUrLQbbX6AAAAAAAAAAAAAQADAAAJIAAAAAAAAAAAAAAAAAAAAANwZGYAABAACAAAzhQxEgAAABEACAAA0G2Z2gAAAAEAGAEgSugAezTfAHpTeAAFwP4ABcCQAAISKQACAEtNYWNpbnRvc2ggSEQ6VXNlcnM6AGR3OgBEZXNrdG9wOgB0aGVzaXM6AGJpYmxpb2dyYXBoeToAcGRmOgAxOTk5X3Rob21hcy5wZGYAAA4AIAAPADEAOQA5ADkAXwB0AGgAbwBtAGEAcwAuAHAAZABmAA8AGgAMAE0AYQBjAGkAbgB0AG8AcwBoACAASABEABIAOFVzZXJzL2R3L0Rlc2t0b3AvdGhlc2lzL2JpYmxpb2dyYXBoeS9wZGYvMTk5OV90aG9tYXMucGRmABMAAS8AABUAAgAJ//8AAIAG0hscHR5aJGNsYXNzbmFtZVgkY2xhc3Nlc11OU011dGFibGVEYXRhox0fIFZOU0RhdGFYTlNPYmplY3TSGxwiI1xOU0RpY3Rpb25hcnmiIiBfEA9OU0tleWVkQXJjaGl2ZXLRJidUcm9vdIABAAgAEQAaACMALQAyADcAQABGAE0AVQBgAGcAagBsAG4AcQBzAHUAdwCEAI4ApACpALECZQJnAmwCdwKAAo4CkgKZAqICpwK0ArcCyQLMAtEAAAAAAAACAQAAAAAAAAAoAAAAAAAAAAAAAAAAAAAC0w==}}

@incollection{2003_Gurumurthy,
	Annote = {Improvements to the rank-based construction of Kupferman, Vardi (2001)
Implementation and experimental comparison of the individual optimisations within the construction

Probably the "waa" complementation method in GOAL (which is the implementation of Kupferman, Vardi, 2001) contains the optimisation of this paper (see API)},
	Author = {Gurumurthy, Sankar and Kupferman, Orna and Somenzi, Fabio and Vardi, MosheY.},
	Booktitle = {Correct Hardware Design and Verification Methods},
	Date-Added = {2014-10-22 16:37:53 +0000},
	Date-Modified = {2014-10-22 16:39:25 +0000},
	Doi = {10.1007/978-3-540-39724-3_10},
	Editor = {Geist, Daniel and Tronci, Enrico},
	Isbn = {978-3-540-20363-6},
	Keywords = {Construction, Rank-based},
	Language = {English},
	Pages = {96-110},
	Publisher = {Springer Berlin Heidelberg},
	Series = {Lecture Notes in Computer Science},
	Title = {On Complementing Nondeterministic B{\"u}chi Automata},
	Url = {http://dx.doi.org/10.1007/978-3-540-39724-3_10},
	Volume = {2860},
	Year = {2003},
	Bdsk-File-1 = {YnBsaXN0MDDUAQIDBAUGJCVYJHZlcnNpb25YJG9iamVjdHNZJGFyY2hpdmVyVCR0b3ASAAGGoKgHCBMUFRYaIVUkbnVsbNMJCgsMDxJXTlMua2V5c1pOUy5vYmplY3RzViRjbGFzc6INDoACgAOiEBGABIAFgAdccmVsYXRpdmVQYXRoWWFsaWFzRGF0YV8QF3BkZi8yMDAzX2d1cnVtdXJ0aHkucGRm0hcLGBlXTlMuZGF0YU8RAcAAAAAAAcAAAgAADE1hY2ludG9zaCBIRAAAAAAAAAAAAAAAAAAAAM4UTTJIKwAAASBK6BMyMDAzX2d1cnVtdXJ0aHkucGRmAAAAAAAAAAAAAAAAAAAAAAAAAAAAAAAAAAAAAAAAAAAAAAAAAAAAAAAAAAABIURT0G2mPAAAAAAAAAAAAAEAAwAACSAAAAAAAAAAAAAAAAAAAAADcGRmAAAQAAgAAM4UMRIAAAARAAgAANBtihwAAAABABgBIEroAHs03wB6U3gABcD+AAXAkAACEikAAgBPTWFjaW50b3NoIEhEOlVzZXJzOgBkdzoARGVza3RvcDoAdGhlc2lzOgBiaWJsaW9ncmFwaHk6AHBkZjoAMjAwM19ndXJ1bXVydGh5LnBkZgAADgAoABMAMgAwADAAMwBfAGcAdQByAHUAbQB1AHIAdABoAHkALgBwAGQAZgAPABoADABNAGEAYwBpAG4AdABvAHMAaAAgAEgARAASADxVc2Vycy9kdy9EZXNrdG9wL3RoZXNpcy9iaWJsaW9ncmFwaHkvcGRmLzIwMDNfZ3VydW11cnRoeS5wZGYAEwABLwAAFQACAAn//wAAgAbSGxwdHlokY2xhc3NuYW1lWCRjbGFzc2VzXU5TTXV0YWJsZURhdGGjHR8gVk5TRGF0YVhOU09iamVjdNIbHCIjXE5TRGljdGlvbmFyeaIiIF8QD05TS2V5ZWRBcmNoaXZlctEmJ1Ryb290gAEACAARABoAIwAtADIANwBAAEYATQBVAGAAZwBqAGwAbgBxAHMAdQB3AIQAjgCoAK0AtQJ5AnsCgAKLApQCogKmAq0CtgK7AsgCywLdAuAC5QAAAAAAAAIBAAAAAAAAACgAAAAAAAAAAAAAAAAAAALn}}

@incollection{2009_karmarkar,
	Annote = {Improvement of the rank-based complementation by Schewe (2009) (which is an improvement of Friedgut, Kupferman, Vardi, 2006, which is an improvment of Kupferman, Vardi, 2001).

Implementation of the improved and the original Schewe construction in NuSMV and comparative experiments. Also comparing against Safra-Piterman and WAA in GOAL.

},
	Author = {Karmarkar, Hrishikesh and Chakraborty, Supratik},
	Booktitle = {Automated Technology for Verification and Analysis},
	Date-Added = {2014-10-22 15:22:18 +0000},
	Date-Modified = {2014-10-22 15:40:23 +0000},
	Doi = {10.1007/978-3-642-04761-9_18},
	Editor = {Liu, Zhiming and Ravn, AndersP.},
	Isbn = {978-3-642-04760-2},
	Keywords = {Construction, Rank-based, Experimental},
	Language = {English},
	Pages = {228-243},
	Publisher = {Springer Berlin Heidelberg},
	Series = {Lecture Notes in Computer Science},
	Title = {On Minimal Odd Rankings for B{\"u}chi Complementation},
	Url = {http://dx.doi.org/10.1007/978-3-642-04761-9_18},
	Volume = {5799},
	Year = {2009},
	Bdsk-File-1 = {YnBsaXN0MDDUAQIDBAUGJCVYJHZlcnNpb25YJG9iamVjdHNZJGFyY2hpdmVyVCR0b3ASAAGGoKgHCBMUFRYaIVUkbnVsbNMJCgsMDxJXTlMua2V5c1pOUy5vYmplY3RzViRjbGFzc6INDoACgAOiEBGABIAFgAdccmVsYXRpdmVQYXRoWWFsaWFzRGF0YV8QFnBkZi8yMDA5X2thcm1hcmthci5wZGbSFwsYGVdOUy5kYXRhTxEBvAAAAAABvAACAAAMTWFjaW50b3NoIEhEAAAAAAAAAAAAAAAAAAAAzhRNMkgrAAABIEroEjIwMDlfa2FybWFya2FyLnBkZgAAAAAAAAAAAAAAAAAAAAAAAAAAAAAAAAAAAAAAAAAAAAAAAAAAAAAAAAAAAAEhQEnQbZg8AAAAAAAAAAAAAQADAAAJIAAAAAAAAAAAAAAAAAAAAANwZGYAABAACAAAzhQxEgAAABEACAAA0G18HAAAAAEAGAEgSugAezTfAHpTeAAFwP4ABcCQAAISKQACAE5NYWNpbnRvc2ggSEQ6VXNlcnM6AGR3OgBEZXNrdG9wOgB0aGVzaXM6AGJpYmxpb2dyYXBoeToAcGRmOgAyMDA5X2thcm1hcmthci5wZGYADgAmABIAMgAwADAAOQBfAGsAYQByAG0AYQByAGsAYQByAC4AcABkAGYADwAaAAwATQBhAGMAaQBuAHQAbwBzAGgAIABIAEQAEgA7VXNlcnMvZHcvRGVza3RvcC90aGVzaXMvYmlibGlvZ3JhcGh5L3BkZi8yMDA5X2thcm1hcmthci5wZGYAABMAAS8AABUAAgAJ//8AAIAG0hscHR5aJGNsYXNzbmFtZVgkY2xhc3Nlc11OU011dGFibGVEYXRhox0fIFZOU0RhdGFYTlNPYmplY3TSGxwiI1xOU0RpY3Rpb25hcnmiIiBfEA9OU0tleWVkQXJjaGl2ZXLRJidUcm9vdIABAAgAEQAaACMALQAyADcAQABGAE0AVQBgAGcAagBsAG4AcQBzAHUAdwCEAI4ApwCsALQCdAJ2AnsChgKPAp0CoQKoArECtgLDAsYC2ALbAuAAAAAAAAACAQAAAAAAAAAoAAAAAAAAAAAAAAAAAAAC4g==}}

@incollection{2012_breuers,
	Annote = {Improvements for the Ramsey-based complementation construction by B{\"u}chi (1962) or the improved version by Sistla et al. (1987). Meets complexity 2^O(n log n).

Implementation of the construction in Alekto (see below).

Experimental investigations

Have only the first two pages from Springer preview. Full text not accessible.

Alekto
http://www.automata.rwth-aachen.de/research/Alekto/
Alekto is a software for complementation of B{\"u}chi automata, using an improved version of the so-called Ramsey-based method. It is written in the programming language Java, and the source code is available on this webpage},
	Author = {Breuers, Stefan and L{\"o}ding, Christof and Olschewski, J{\"o}rg},
	Booktitle = {Foundations of Software Science and Computational Structures},
	Date-Added = {2014-10-22 14:58:07 +0000},
	Date-Modified = {2014-10-22 15:10:59 +0000},
	Doi = {10.1007/978-3-642-28729-9_10},
	Editor = {Birkedal, Lars},
	Isbn = {978-3-642-28728-2},
	Keywords = {Construction, Ramsey-based, Experimental},
	Language = {English},
	Pages = {150-164},
	Publisher = {Springer Berlin Heidelberg},
	Series = {Lecture Notes in Computer Science},
	Title = {Improved Ramsey-Based B{\"u}chi Complementation},
	Url = {http://dx.doi.org/10.1007/978-3-642-28729-9_10},
	Volume = {7213},
	Year = {2012},
	Bdsk-File-1 = {YnBsaXN0MDDUAQIDBAUGJCVYJHZlcnNpb25YJG9iamVjdHNZJGFyY2hpdmVyVCR0b3ASAAGGoKgHCBMUFRYaIVUkbnVsbNMJCgsMDxJXTlMua2V5c1pOUy5vYmplY3RzViRjbGFzc6INDoACgAOiEBGABIAFgAdccmVsYXRpdmVQYXRoWWFsaWFzRGF0YV8QFHBkZi8yMDEyX2JyZXVlcnMucGRm0hcLGBlXTlMuZGF0YU8RAbQAAAAAAbQAAgAADE1hY2ludG9zaCBIRAAAAAAAAAAAAAAAAAAAAM4UTTJIKwAAASBK6BAyMDEyX2JyZXVlcnMucGRmAAAAAAAAAAAAAAAAAAAAAAAAAAAAAAAAAAAAAAAAAAAAAAAAAAAAAAAAAAAAAAABITpq0G2U4AAAAAAAAAAAAAEAAwAACSAAAAAAAAAAAAAAAAAAAAADcGRmAAAQAAgAAM4UMRIAAAARAAgAANBteMAAAAABABgBIEroAHs03wB6U3gABcD+AAXAkAACEikAAgBMTWFjaW50b3NoIEhEOlVzZXJzOgBkdzoARGVza3RvcDoAdGhlc2lzOgBiaWJsaW9ncmFwaHk6AHBkZjoAMjAxMl9icmV1ZXJzLnBkZgAOACIAEAAyADAAMQAyAF8AYgByAGUAdQBlAHIAcwAuAHAAZABmAA8AGgAMAE0AYQBjAGkAbgB0AG8AcwBoACAASABEABIAOVVzZXJzL2R3L0Rlc2t0b3AvdGhlc2lzL2JpYmxpb2dyYXBoeS9wZGYvMjAxMl9icmV1ZXJzLnBkZgAAEwABLwAAFQACAAn//wAAgAbSGxwdHlokY2xhc3NuYW1lWCRjbGFzc2VzXU5TTXV0YWJsZURhdGGjHR8gVk5TRGF0YVhOU09iamVjdNIbHCIjXE5TRGljdGlvbmFyeaIiIF8QD05TS2V5ZWRBcmNoaXZlctEmJ1Ryb290gAEACAARABoAIwAtADIANwBAAEYATQBVAGAAZwBqAGwAbgBxAHMAdQB3AIQAjgClAKoAsgJqAmwCcQJ8AoUCkwKXAp4CpwKsArkCvALOAtEC1gAAAAAAAAIBAAAAAAAAACgAAAAAAAAAAAAAAAAAAALY}}

@inproceedings{1991_klarlund,
	Annote = {First to circumvent the need for determinization.

2^O(n log n)

Rank-based construction from 2001 by Kupferman and Vardi is based on this paper.},
	Author = {Klarlund, Nils},
	Booktitle = {Foundations of Computer Science, 1991. Proceedings., 32nd Annual Symposium on},
	Date-Added = {2014-10-22 14:48:16 +0000},
	Date-Modified = {2014-10-22 16:24:51 +0000},
	Doi = {10.1109/SFCS.1991.185391},
	Keywords = {Construction, Rank-based},
	Month = {Oct},
	Pages = {358-367},
	Title = {Progress measures for complementation omega;-automata with applications to temporal logic},
	Year = {1991},
	Bdsk-File-1 = {YnBsaXN0MDDUAQIDBAUGJCVYJHZlcnNpb25YJG9iamVjdHNZJGFyY2hpdmVyVCR0b3ASAAGGoKgHCBMUFRYaIVUkbnVsbNMJCgsMDxJXTlMua2V5c1pOUy5vYmplY3RzViRjbGFzc6INDoACgAOiEBGABIAFgAdccmVsYXRpdmVQYXRoWWFsaWFzRGF0YV8QFXBkZi8xOTkxX2tsYXJsdW5kLnBkZtIXCxgZV05TLmRhdGFPEQG4AAAAAAG4AAIAAAxNYWNpbnRvc2ggSEQAAAAAAAAAAAAAAAAAAADOFE0ySCsAAAEgSugRMTk5MV9rbGFybHVuZC5wZGYAAAAAAAAAAAAAAAAAAAAAAAAAAAAAAAAAAAAAAAAAAAAAAAAAAAAAAAAAAAAAASEwu9BtkBEAAAAAAAAAAAABAAMAAAkgAAAAAAAAAAAAAAAAAAAAA3BkZgAAEAAIAADOFDESAAAAEQAIAADQbXPxAAAAAQAYASBK6AB7NN8AelN4AAXA/gAFwJAAAhIpAAIATU1hY2ludG9zaCBIRDpVc2VyczoAZHc6AERlc2t0b3A6AHRoZXNpczoAYmlibGlvZ3JhcGh5OgBwZGY6ADE5OTFfa2xhcmx1bmQucGRmAAAOACQAEQAxADkAOQAxAF8AawBsAGEAcgBsAHUAbgBkAC4AcABkAGYADwAaAAwATQBhAGMAaQBuAHQAbwBzAGgAIABIAEQAEgA6VXNlcnMvZHcvRGVza3RvcC90aGVzaXMvYmlibGlvZ3JhcGh5L3BkZi8xOTkxX2tsYXJsdW5kLnBkZgATAAEvAAAVAAIACf//AACABtIbHB0eWiRjbGFzc25hbWVYJGNsYXNzZXNdTlNNdXRhYmxlRGF0YaMdHyBWTlNEYXRhWE5TT2JqZWN00hscIiNcTlNEaWN0aW9uYXJ5oiIgXxAPTlNLZXllZEFyY2hpdmVy0SYnVHJvb3SAAQAIABEAGgAjAC0AMgA3AEAARgBNAFUAYABnAGoAbABuAHEAcwB1AHcAhACOAKYAqwCzAm8CcQJ2AoECigKYApwCowKsArECvgLBAtMC1gLbAAAAAAAAAgEAAAAAAAAAKAAAAAAAAAAAAAAAAAAAAt0=}}

@article{1930ramsey,
	Annote = {Contains the combinatorial argument that is used by the Ramsey-based complementation construction.},
	Author = {Ramsey, F. P.},
	Date-Added = {2014-10-22 14:40:52 +0000},
	Date-Modified = {2014-10-22 14:41:42 +0000},
	Doi = {10.1112/plms/s2-30.1.264},
	Eprint = {http://plms.oxfordjournals.org/content/s2-30/1/264.full.pdf+html},
	Journal = {Proceedings of the London Mathematical Society},
	Keywords = {Seminal},
	Number = {1},
	Pages = {264-286},
	Title = {On a Problem of Formal Logic},
	Url = {http://plms.oxfordjournals.org/content/s2-30/1/264.short},
	Volume = {s2-30},
	Year = {1930},
	Bdsk-File-1 = {YnBsaXN0MDDUAQIDBAUGJCVYJHZlcnNpb25YJG9iamVjdHNZJGFyY2hpdmVyVCR0b3ASAAGGoKgHCBMUFRYaIVUkbnVsbNMJCgsMDxJXTlMua2V5c1pOUy5vYmplY3RzViRjbGFzc6INDoACgAOiEBGABIAFgAdccmVsYXRpdmVQYXRoWWFsaWFzRGF0YV8QE3BkZi8xOTMwX3JhbXNleS5wZGbSFwsYGVdOUy5kYXRhTxEBsAAAAAABsAACAAAMTWFjaW50b3NoIEhEAAAAAAAAAAAAAAAAAAAAzhRNMkgrAAABIEroDzE5MzBfcmFtc2V5LnBkZgAAAAAAAAAAAAAAAAAAAAAAAAAAAAAAAAAAAAAAAAAAAAAAAAAAAAAAAAAAAAAAAAEhLMXQbY34AAAAAAAAAAAAAQADAAAJIAAAAAAAAAAAAAAAAAAAAANwZGYAABAACAAAzhQxEgAAABEACAAA0G1x2AAAAAEAGAEgSugAezTfAHpTeAAFwP4ABcCQAAISKQACAEtNYWNpbnRvc2ggSEQ6VXNlcnM6AGR3OgBEZXNrdG9wOgB0aGVzaXM6AGJpYmxpb2dyYXBoeToAcGRmOgAxOTMwX3JhbXNleS5wZGYAAA4AIAAPADEAOQAzADAAXwByAGEAbQBzAGUAeQAuAHAAZABmAA8AGgAMAE0AYQBjAGkAbgB0AG8AcwBoACAASABEABIAOFVzZXJzL2R3L0Rlc2t0b3AvdGhlc2lzL2JpYmxpb2dyYXBoeS9wZGYvMTkzMF9yYW1zZXkucGRmABMAAS8AABUAAgAJ//8AAIAG0hscHR5aJGNsYXNzbmFtZVgkY2xhc3Nlc11OU011dGFibGVEYXRhox0fIFZOU0RhdGFYTlNPYmplY3TSGxwiI1xOU0RpY3Rpb25hcnmiIiBfEA9OU0tleWVkQXJjaGl2ZXLRJidUcm9vdIABAAgAEQAaACMALQAyADcAQABGAE0AVQBgAGcAagBsAG4AcQBzAHUAdwCEAI4ApACpALECZQJnAmwCdwKAAo4CkgKZAqICpwK0ArcCyQLMAtEAAAAAAAACAQAAAAAAAAAoAAAAAAAAAAAAAAAAAAAC0w==}}

@article{rabin1969decidability,
	Annote = {- Introduction of Rabin automata (according to L{\"o}ding, 1999)
- Rabin's Theorem},
	Author = {Rabin, Michael O},
	Date-Added = {2014-10-22 13:33:25 +0000},
	Date-Modified = {2014-10-23 17:19:54 +0000},
	Journal = {Transactions of the American Mathematical Society},
	Keywords = {Seminal},
	Month = {July},
	Pages = {1--35},
	Publisher = {JSTOR},
	Title = {Decidability of second-order theories and automata on infinite trees},
	Volume = {141},
	Year = {1969},
	Bdsk-File-1 = {YnBsaXN0MDDUAQIDBAUGJCVYJHZlcnNpb25YJG9iamVjdHNZJGFyY2hpdmVyVCR0b3ASAAGGoKgHCBMUFRYaIVUkbnVsbNMJCgsMDxJXTlMua2V5c1pOUy5vYmplY3RzViRjbGFzc6INDoACgAOiEBGABIAFgAdccmVsYXRpdmVQYXRoWWFsaWFzRGF0YV8QEnBkZi8xOTY5X3JhYmluLnBkZtIXCxgZV05TLmRhdGFPEQGsAAAAAAGsAAIAAAxNYWNpbnRvc2ggSEQAAAAAAAAAAAAAAAAAAADOFE0ySCsAAAEgSugOMTk2OV9yYWJpbi5wZGYAAAAAAAAAAAAAAAAAAAAAAAAAAAAAAAAAAAAAAAAAAAAAAAAAAAAAAAAAAAAAAAAAASGIHNBtf/IAAAAAAAAAAAABAAMAAAkgAAAAAAAAAAAAAAAAAAAAA3BkZgAAEAAIAADOFDESAAAAEQAIAADQbWPSAAAAAQAYASBK6AB7NN8AelN4AAXA/gAFwJAAAhIpAAIASk1hY2ludG9zaCBIRDpVc2VyczoAZHc6AERlc2t0b3A6AHRoZXNpczoAYmlibGlvZ3JhcGh5OgBwZGY6ADE5NjlfcmFiaW4ucGRmAA4AHgAOADEAOQA2ADkAXwByAGEAYgBpAG4ALgBwAGQAZgAPABoADABNAGEAYwBpAG4AdABvAHMAaAAgAEgARAASADdVc2Vycy9kdy9EZXNrdG9wL3RoZXNpcy9iaWJsaW9ncmFwaHkvcGRmLzE5NjlfcmFiaW4ucGRmAAATAAEvAAAVAAIACf//AACABtIbHB0eWiRjbGFzc25hbWVYJGNsYXNzZXNdTlNNdXRhYmxlRGF0YaMdHyBWTlNEYXRhWE5TT2JqZWN00hscIiNcTlNEaWN0aW9uYXJ5oiIgXxAPTlNLZXllZEFyY2hpdmVy0SYnVHJvb3SAAQAIABEAGgAjAC0AMgA3AEAARgBNAFUAYABnAGoAbABuAHEAcwB1AHcAhACOAKMAqACwAmACYgJnAnICewKJAo0ClAKdAqICrwKyAsQCxwLMAAAAAAAAAgEAAAAAAAAAKAAAAAAAAAAAAAAAAAAAAs4=}}

@article{McNaughton1966,
	Annote = {Mc Naughton's Theorem: NBW are equivalent to DMW (deterministic Muller automata)},
	Author = {Robert McNaughton},
	Date-Added = {2014-10-22 13:18:08 +0000},
	Date-Modified = {2014-10-22 13:19:21 +0000},
	Doi = {http://dx.doi.org/10.1016/S0019-9958(66)80013-X},
	Issn = {0019-9958},
	Journal = {Information and Control},
	Keywords = {Seminal},
	Number = {5},
	Pages = {521 - 530},
	Title = {Testing and generating infinite sequences by a finite automaton},
	Url = {http://www.sciencedirect.com/science/article/pii/S001999586680013X},
	Volume = {9},
	Year = {1966},
	Bdsk-File-1 = {YnBsaXN0MDDUAQIDBAUGJCVYJHZlcnNpb25YJG9iamVjdHNZJGFyY2hpdmVyVCR0b3ASAAGGoKgHCBMUFRYaIVUkbnVsbNMJCgsMDxJXTlMua2V5c1pOUy5vYmplY3RzViRjbGFzc6INDoACgAOiEBGABIAFgAdccmVsYXRpdmVQYXRoWWFsaWFzRGF0YV8QF3BkZi8xOTY2X21jbmF1Z2h0b24ucGRm0hcLGBlXTlMuZGF0YU8RAcAAAAAAAcAAAgAADE1hY2ludG9zaCBIRAAAAAAAAAAAAAAAAAAAAM4UTTJIKwAAASBK6BMxOTY2X21jbmF1Z2h0b24ucGRmAAAAAAAAAAAAAAAAAAAAAAAAAAAAAAAAAAAAAAAAAAAAAAAAAAAAAAAAAAABIR8R0G17GgAAAAAAAAAAAAEAAwAACSAAAAAAAAAAAAAAAAAAAAADcGRmAAAQAAgAAM4UMRIAAAARAAgAANBtXvoAAAABABgBIEroAHs03wB6U3gABcD+AAXAkAACEikAAgBPTWFjaW50b3NoIEhEOlVzZXJzOgBkdzoARGVza3RvcDoAdGhlc2lzOgBiaWJsaW9ncmFwaHk6AHBkZjoAMTk2Nl9tY25hdWdodG9uLnBkZgAADgAoABMAMQA5ADYANgBfAG0AYwBuAGEAdQBnAGgAdABvAG4ALgBwAGQAZgAPABoADABNAGEAYwBpAG4AdABvAHMAaAAgAEgARAASADxVc2Vycy9kdy9EZXNrdG9wL3RoZXNpcy9iaWJsaW9ncmFwaHkvcGRmLzE5NjZfbWNuYXVnaHRvbi5wZGYAEwABLwAAFQACAAn//wAAgAbSGxwdHlokY2xhc3NuYW1lWCRjbGFzc2VzXU5TTXV0YWJsZURhdGGjHR8gVk5TRGF0YVhOU09iamVjdNIbHCIjXE5TRGljdGlvbmFyeaIiIF8QD05TS2V5ZWRBcmNoaXZlctEmJ1Ryb290gAEACAARABoAIwAtADIANwBAAEYATQBVAGAAZwBqAGwAbgBxAHMAdQB3AIQAjgCoAK0AtQJ5AnsCgAKLApQCogKmAq0CtgK7AsgCywLdAuAC5QAAAAAAAAIBAAAAAAAAACgAAAAAAAAAAAAAAAAAAALn}}

@incollection{2006_yan,
	Annote = {This is the conference version from 2006. There is an extended journal version from 2008. The attached file is the extended version.},
	Author = {Yan, Qiqi},
	Booktitle = {Automata, Languages and Programming},
	Date-Added = {2014-10-22 13:06:38 +0000},
	Date-Modified = {2014-10-23 16:06:24 +0000},
	Doi = {10.1007/11787006_50},
	Editor = {Bugliesi, Michele and Preneel, Bart and Sassone, Vladimiro and Wegener, Ingo},
	Isbn = {978-3-540-35907-4},
	Keywords = {Bound},
	Language = {English},
	Pages = {589-600},
	Publisher = {Springer Berlin Heidelberg},
	Series = {Lecture Notes in Computer Science},
	Title = {Lower Bounds for Complementation of {$\omega$}-Automata Via the Full Automata Technique},
	Url = {http://dx.doi.org/10.1007/11787006_50},
	Volume = {4052},
	Year = {2006},
	Bdsk-File-1 = {YnBsaXN0MDDUAQIDBAUGJCVYJHZlcnNpb25YJG9iamVjdHNZJGFyY2hpdmVyVCR0b3ASAAGGoKgHCBMUFRYaIVUkbnVsbNMJCgsMDxJXTlMua2V5c1pOUy5vYmplY3RzViRjbGFzc6INDoACgAOiEBGABIAFgAdccmVsYXRpdmVQYXRoWWFsaWFzRGF0YV8QEHBkZi8yMDA4X3lhbi5wZGbSFwsYGVdOUy5kYXRhTxEBpAAAAAABpAACAAAMTWFjaW50b3NoIEhEAAAAAAAAAAAAAAAAAAAAzhRNMkgrAAABIEroDDIwMDhfeWFuLnBkZgAAAAAAAAAAAAAAAAAAAAAAAAAAAAAAAAAAAAAAAAAAAAAAAAAAAAAAAAAAAAAAAAAAAAEhfTrQbuWSAAAAAAAAAAAAAQADAAAJIAAAAAAAAAAAAAAAAAAAAANwZGYAABAACAAAzhQxEgAAABEACAAA0G7JcgAAAAEAGAEgSugAezTfAHpTeAAFwP4ABcCQAAISKQACAEhNYWNpbnRvc2ggSEQ6VXNlcnM6AGR3OgBEZXNrdG9wOgB0aGVzaXM6AGJpYmxpb2dyYXBoeToAcGRmOgAyMDA4X3lhbi5wZGYADgAaAAwAMgAwADAAOABfAHkAYQBuAC4AcABkAGYADwAaAAwATQBhAGMAaQBuAHQAbwBzAGgAIABIAEQAEgA1VXNlcnMvZHcvRGVza3RvcC90aGVzaXMvYmlibGlvZ3JhcGh5L3BkZi8yMDA4X3lhbi5wZGYAABMAAS8AABUAAgAJ//8AAIAG0hscHR5aJGNsYXNzbmFtZVgkY2xhc3Nlc11OU011dGFibGVEYXRhox0fIFZOU0RhdGFYTlNPYmplY3TSGxwiI1xOU0RpY3Rpb25hcnmiIiBfEA9OU0tleWVkQXJjaGl2ZXLRJidUcm9vdIABAAgAEQAaACMALQAyADcAQABGAE0AVQBgAGcAagBsAG4AcQBzAHUAdwCEAI4AoQCmAK4CVgJYAl0CaAJxAn8CgwKKApMCmAKlAqgCugK9AsIAAAAAAAACAQAAAAAAAAAoAAAAAAAAAAAAAAAAAAACxA==}}

@incollection{1999_loeding,
	Annote = {Includes Michel's (1988) argument saying that there are omega-regular languages that can be recognised by a NBW with O(n) states, but the complement cannot be recognised by a NBW with less than n! states (p. 4).},
	Author = {L{\"o}ding, Christof},
	Booktitle = {Foundations of Software Technology and Theoretical Computer Science},
	Date-Added = {2014-10-22 13:02:54 +0000},
	Date-Modified = {2014-10-23 16:05:25 +0000},
	Doi = {10.1007/3-540-46691-6_8},
	Editor = {Rangan, C.Pandu and Raman, V. and Ramanujam, R.},
	Isbn = {978-3-540-66836-7},
	Keywords = {Bound},
	Language = {English},
	Pages = {97-109},
	Publisher = {Springer Berlin Heidelberg},
	Series = {Lecture Notes in Computer Science},
	Title = {Optimal Bounds for Transformations of {$\omega$}-Automata},
	Url = {http://dx.doi.org/10.1007/3-540-46691-6_8},
	Volume = {1738},
	Year = {1999},
	Bdsk-File-1 = {YnBsaXN0MDDUAQIDBAUGJCVYJHZlcnNpb25YJG9iamVjdHNZJGFyY2hpdmVyVCR0b3ASAAGGoKgHCBMUFRYaIVUkbnVsbNMJCgsMDxJXTlMua2V5c1pOUy5vYmplY3RzViRjbGFzc6INDoACgAOiEBGABIAFgAdccmVsYXRpdmVQYXRoWWFsaWFzRGF0YV8QG3BkZi8xOTk5X2xvZWRpbmdfYm91bmRzLnBkZtIXCxgZV05TLmRhdGFPEQHQAAAAAAHQAAIAAAxNYWNpbnRvc2ggSEQAAAAAAAAAAAAAAAAAAADOFE0ySCsAAAEgSugXMTk5OV9sb2VkaW5nX2JvdW5kcy5wZGYAAAAAAAAAAAAAAAAAAAAAAAAAAAAAAAAAAAAAAAAAAAAAAAAAAAAAASF5DNBteCYAAAAAAAAAAAABAAMAAAkgAAAAAAAAAAAAAAAAAAAAA3BkZgAAEAAIAADOFDESAAAAEQAIAADQbVwGAAAAAQAYASBK6AB7NN8AelN4AAXA/gAFwJAAAhIpAAIAU01hY2ludG9zaCBIRDpVc2VyczoAZHc6AERlc2t0b3A6AHRoZXNpczoAYmlibGlvZ3JhcGh5OgBwZGY6ADE5OTlfbG9lZGluZ19ib3VuZHMucGRmAAAOADAAFwAxADkAOQA5AF8AbABvAGUAZABpAG4AZwBfAGIAbwB1AG4AZABzAC4AcABkAGYADwAaAAwATQBhAGMAaQBuAHQAbwBzAGgAIABIAEQAEgBAVXNlcnMvZHcvRGVza3RvcC90aGVzaXMvYmlibGlvZ3JhcGh5L3BkZi8xOTk5X2xvZWRpbmdfYm91bmRzLnBkZgATAAEvAAAVAAIACf//AACABtIbHB0eWiRjbGFzc25hbWVYJGNsYXNzZXNdTlNNdXRhYmxlRGF0YaMdHyBWTlNEYXRhWE5TT2JqZWN00hscIiNcTlNEaWN0aW9uYXJ5oiIgXxAPTlNLZXllZEFyY2hpdmVy0SYnVHJvb3SAAQAIABEAGgAjAC0AMgA3AEAARgBNAFUAYABnAGoAbABuAHEAcwB1AHcAhACOAKwAsQC5Ao0CjwKUAp8CqAK2AroCwQLKAs8C3ALfAvEC9AL5AAAAAAAAAgEAAAAAAAAAKAAAAAAAAAAAAAAAAAAAAvs=}}

@article{michel1988,
	Annote = {Introduction of lower bound of NBW complementation of n! =~ (n/e)^n =~ (0.36n)^n =~ 2^O(n log n)

Text not accessible},
	Author = {Michel, Max},
	Date-Added = {2014-10-22 12:25:53 +0000},
	Date-Modified = {2014-10-23 11:05:22 +0000},
	Journal = {CNET, Paris},
	Keywords = {Bound},
	Title = {Complementation is more difficult with automata on infinite words},
	Volume = {15},
	Year = {1988}}

@incollection{2008_kaehler,
	Annote = {Generalisation, improvement of the slice-based construction in Vardi, Wilke, Automata: from logics to algorithms, 2008.

Implemented in GOAL  as slice

Text not accessible},
	Author = {K{\"a}hler, Detlef and Wilke, Thomas},
	Booktitle = {Automata, Languages and Programming},
	Date-Added = {2014-10-22 10:10:32 +0000},
	Date-Modified = {2014-10-22 11:06:13 +0000},
	Doi = {10.1007/978-3-540-70575-8_59},
	Editor = {Aceto, Luca and Damg{\aa}rd, Ivan and Goldberg, LeslieAnn and Halld{\'o}rsson, Magn{\'u}sM. and Ing{\'o}lfsd{\'o}ttir, Anna and Walukiewicz, Igor},
	Isbn = {978-3-540-70574-1},
	Keywords = {Construction, Slice-based},
	Language = {English},
	Pages = {724-735},
	Publisher = {Springer Berlin Heidelberg},
	Series = {Lecture Notes in Computer Science},
	Title = {Complementation, Disambiguation, and Determinization of B{\"u}chi Automata Unified},
	Url = {http://dx.doi.org/10.1007/978-3-540-70575-8_59},
	Volume = {5125},
	Year = {2008},
	Bdsk-Url-1 = {http://dx.doi.org/10.1007/978-3-540-70575-8_59}}

@article{vardi2008automata,
	Annote = {Introduction of slice-based complementation construction starting from page 11.

Implemented as slice -p (preliminary version) in GOAL},
	Author = {Vardi, Moshe Y and Wilke, Thomas},
	Date-Added = {2014-10-22 10:08:28 +0000},
	Date-Modified = {2014-10-22 11:06:13 +0000},
	Journal = {Logic and automata},
	Keywords = {Construction, Slice-based},
	Pages = {629--736},
	Title = {Automata: From Logics to Algorithms},
	Volume = {2},
	Year = {2008},
	Bdsk-File-1 = {YnBsaXN0MDDUAQIDBAUGJCVYJHZlcnNpb25YJG9iamVjdHNZJGFyY2hpdmVyVCR0b3ASAAGGoKgHCBMUFRYaIVUkbnVsbNMJCgsMDxJXTlMua2V5c1pOUy5vYmplY3RzViRjbGFzc6INDoACgAOiEBGABIAFgAdccmVsYXRpdmVQYXRoWWFsaWFzRGF0YV8QKi4uLy4uLy4uLy5UcmFzaC8yMDA4X3ZhcmRpX3dpbGtlX3NsaWNlLnBkZtIXCxgZV05TLmRhdGFPEQGcAAAAAAGcAAIAAAxNYWNpbnRvc2ggSEQAAAAAAAAAAAAAAAAAAADOFE0ySCsAAADeZCIaMjAwOF92YXJkaV93aWxrZV9zbGljZS5wZGYAAAAAAAAAAAAAAAAAAAAAAAAAAAAAAAAAAAAAAAAAAAAAAAAAASD7+9BtTlQAAAAAAAAAAAADAAIAAAkgAAAAAAAAAAAAAAAAAAAABi5UcmFzaAAQAAgAAM4UMRIAAAARAAgAANBtMjQAAAABAAwA3mQiAAXAkAACEikAAgA6TWFjaW50b3NoIEhEOlVzZXJzOgBkdzoALlRyYXNoOgAyMDA4X3ZhcmRpX3dpbGtlX3NsaWNlLnBkZgAOADYAGgAyADAAMAA4AF8AdgBhAHIAZABpAF8AdwBpAGwAawBlAF8AcwBsAGkAYwBlAC4AcABkAGYADwAaAAwATQBhAGMAaQBuAHQAbwBzAGgAIABIAEQAEgAqVXNlcnMvZHcvLlRyYXNoLzIwMDhfdmFyZGlfd2lsa2Vfc2xpY2UucGRmABMAAS8AABUAAgAJ//8AAIAG0hscHR5aJGNsYXNzbmFtZVgkY2xhc3Nlc11OU011dGFibGVEYXRhox0fIFZOU0RhdGFYTlNPYmplY3TSGxwiI1xOU0RpY3Rpb25hcnmiIiBfEA9OU0tleWVkQXJjaGl2ZXLRJidUcm9vdIABAAgAEQAaACMALQAyADcAQABGAE0AVQBgAGcAagBsAG4AcQBzAHUAdwCEAI4AuwDAAMgCaAJqAm8CegKDApEClQKcAqUCqgK3AroCzALPAtQAAAAAAAACAQAAAAAAAAAoAAAAAAAAAAAAAAAAAAAC1g==}}

@article{friedgut2006buchi,
	Annote = {Improvment of the first rank-based construction from 2001 by Kupferman and Vardi

(0.97n)^n, see Yan, 2008, p. 2

The then best construction in terms of state complexity.

There is a preliminary conference version of this paper from 2004},
	Author = {Friedgut, Ehud and Kupferman, Orna and Vardi, Moshe Y},
	Date-Added = {2014-10-22 09:53:47 +0000},
	Date-Modified = {2014-10-23 15:30:10 +0000},
	Journal = {International Journal of Foundations of Computer Science},
	Keywords = {Construction, Rank-based},
	Number = {04},
	Pages = {851--867},
	Publisher = {World Scientific},
	Title = {B{\"u}chi Complementation Made Tighter},
	Volume = {17},
	Year = {2006},
	Bdsk-File-1 = {YnBsaXN0MDDUAQIDBAUGJCVYJHZlcnNpb25YJG9iamVjdHNZJGFyY2hpdmVyVCR0b3ASAAGGoKgHCBMUFRYaIVUkbnVsbNMJCgsMDxJXTlMua2V5c1pOUy5vYmplY3RzViRjbGFzc6INDoACgAOiEBGABIAFgAdccmVsYXRpdmVQYXRoWWFsaWFzRGF0YV8QInBkZi8yMDA2X2ZyaWVkZ3V0X21hZGVfdGlnaHRlci5wZGbSFwsYGVdOUy5kYXRhTxEB7AAAAAAB7AACAAAMTWFjaW50b3NoIEhEAAAAAAAAAAAAAAAAAAAAzhRNMkgrAAABIEroHjIwMDZfZnJpZWRndXRfbWFkZV90aWdodGVyLnBkZgAAAAAAAAAAAAAAAAAAAAAAAAAAAAAAAAAAAAAAAAAAAAEgQ6nQbC1tAAAAAAAAAAAAAQADAAAJIAAAAAAAAAAAAAAAAAAAAANwZGYAABAACAAAzhQxEgAAABEACAAA0GwRTQAAAAEAGAEgSugAezTfAHpTeAAFwP4ABcCQAAISKQACAFpNYWNpbnRvc2ggSEQ6VXNlcnM6AGR3OgBEZXNrdG9wOgB0aGVzaXM6AGJpYmxpb2dyYXBoeToAcGRmOgAyMDA2X2ZyaWVkZ3V0X21hZGVfdGlnaHRlci5wZGYADgA+AB4AMgAwADAANgBfAGYAcgBpAGUAZABnAHUAdABfAG0AYQBkAGUAXwB0AGkAZwBoAHQAZQByAC4AcABkAGYADwAaAAwATQBhAGMAaQBuAHQAbwBzAGgAIABIAEQAEgBHVXNlcnMvZHcvRGVza3RvcC90aGVzaXMvYmlibGlvZ3JhcGh5L3BkZi8yMDA2X2ZyaWVkZ3V0X21hZGVfdGlnaHRlci5wZGYAABMAAS8AABUAAgAJ//8AAIAG0hscHR5aJGNsYXNzbmFtZVgkY2xhc3Nlc11OU011dGFibGVEYXRhox0fIFZOU0RhdGFYTlNPYmplY3TSGxwiI1xOU0RpY3Rpb25hcnmiIiBfEA9OU0tleWVkQXJjaGl2ZXLRJidUcm9vdIABAAgAEQAaACMALQAyADcAQABGAE0AVQBgAGcAagBsAG4AcQBzAHUAdwCEAI4AswC4AMACsAKyArcCwgLLAtkC3QLkAu0C8gL/AwIDFAMXAxwAAAAAAAACAQAAAAAAAAAoAAAAAAAAAAAAAAAAAAADHg==}}

@article{Kupferman:2001,
	Acmid = {377993},
	Address = {New York, NY, USA},
	Annote = {Introduction of the rank-based construction approach.

NBW --> complement UCW (universal co-B{\"u}chi automaton)
UCW --> WAA (weak alternating automaton)
WAA --> NBW

Implemented in GOAL as "waa".
},
	Author = {Kupferman, Orna and Vardi, Moshe Y.},
	Date-Added = {2014-10-22 09:45:35 +0000},
	Date-Modified = {2014-10-22 16:18:28 +0000},
	Doi = {10.1145/377978.377993},
	Issn = {1529-3785},
	Issue_Date = {July 2001},
	Journal = {ACM Trans. Comput. Logic},
	Keywords = {Construction, Rank-based},
	Month = jul,
	Number = {3},
	Numpages = {22},
	Pages = {408--429},
	Publisher = {ACM},
	Title = {Weak Alternating Automata Are Not that Weak},
	Url = {http://doi.acm.org/10.1145/377978.377993},
	Volume = {2},
	Year = {2001},
	Bdsk-File-1 = {YnBsaXN0MDDUAQIDBAUGJCVYJHZlcnNpb25YJG9iamVjdHNZJGFyY2hpdmVyVCR0b3ASAAGGoKgHCBMUFRYaIVUkbnVsbNMJCgsMDxJXTlMua2V5c1pOUy5vYmplY3RzViRjbGFzc6INDoACgAOiEBGABIAFgAdccmVsYXRpdmVQYXRoWWFsaWFzRGF0YV8QFnBkZi8yMDAxX2t1cGZlcm1hbi5wZGbSFwsYGVdOUy5kYXRhTxEBvAAAAAABvAACAAAMTWFjaW50b3NoIEhEAAAAAAAAAAAAAAAAAAAAzhRNMkgrAAABIEroEjIwMDFfa3VwZmVybWFuLnBkZgAAAAAAAAAAAAAAAAAAAAAAAAAAAAAAAAAAAAAAAAAAAAAAAAAAAAAAAAAAAAEgqZnQbUmMAAAAAAAAAAAAAQADAAAJIAAAAAAAAAAAAAAAAAAAAANwZGYAABAACAAAzhQxEgAAABEACAAA0G0tbAAAAAEAGAEgSugAezTfAHpTeAAFwP4ABcCQAAISKQACAE5NYWNpbnRvc2ggSEQ6VXNlcnM6AGR3OgBEZXNrdG9wOgB0aGVzaXM6AGJpYmxpb2dyYXBoeToAcGRmOgAyMDAxX2t1cGZlcm1hbi5wZGYADgAmABIAMgAwADAAMQBfAGsAdQBwAGYAZQByAG0AYQBuAC4AcABkAGYADwAaAAwATQBhAGMAaQBuAHQAbwBzAGgAIABIAEQAEgA7VXNlcnMvZHcvRGVza3RvcC90aGVzaXMvYmlibGlvZ3JhcGh5L3BkZi8yMDAxX2t1cGZlcm1hbi5wZGYAABMAAS8AABUAAgAJ//8AAIAG0hscHR5aJGNsYXNzbmFtZVgkY2xhc3Nlc11OU011dGFibGVEYXRhox0fIFZOU0RhdGFYTlNPYmplY3TSGxwiI1xOU0RpY3Rpb25hcnmiIiBfEA9OU0tleWVkQXJjaGl2ZXLRJidUcm9vdIABAAgAEQAaACMALQAyADcAQABGAE0AVQBgAGcAagBsAG4AcQBzAHUAdwCEAI4ApwCsALQCdAJ2AnsChgKPAp0CoQKoArECtgLDAsYC2ALbAuAAAAAAAAACAQAAAAAAAAAoAAAAAAAAAAAAAAAAAAAC4g==}}

@article{2007_piterman,
	Annote = {Extended version of the conference paper with the same title from 2006},
	Author = {Piterman, N.},
	Booktitle = {Logic in Computer Science, 2006 21st Annual IEEE Symposium on},
	Date-Added = {2014-10-22 09:41:11 +0000},
	Date-Modified = {2014-10-22 11:06:13 +0000},
	Doi = {10.1109/LICS.2006.28},
	Issn = {1043-6871},
	Journal = {Logical Methods in Computer Science},
	Keywords = {Construction, Determinisation-based},
	Number = {5},
	Pages = {1-21},
	Title = {From Nondeterministic Buchi and Streett Automata to Deterministic Parity Automata},
	Volume = {3},
	Year = {2007},
	Bdsk-File-1 = {YnBsaXN0MDDUAQIDBAUGJCVYJHZlcnNpb25YJG9iamVjdHNZJGFyY2hpdmVyVCR0b3ASAAGGoKgHCBMUFRYaIVUkbnVsbNMJCgsMDxJXTlMua2V5c1pOUy5vYmplY3RzViRjbGFzc6INDoACgAOiEBGABIAFgAdccmVsYXRpdmVQYXRoWWFsaWFzRGF0YV8QF3BkZi8yMDA3X3BpdGVybWFuXzIucGRm0hcLGBlXTlMuZGF0YU8RAcAAAAAAAcAAAgAADE1hY2ludG9zaCBIRAAAAAAAAAAAAAAAAAAAAM4UTTJIKwAAASBK6BMyMDA3X3BpdGVybWFuXzIucGRmAAAAAAAAAAAAAAAAAAAAAAAAAAAAAAAAAAAAAAAAAAAAAAAAAAAAAAAAAAABIKVQ0G1G2gAAAAAAAAAAAAEAAwAACSAAAAAAAAAAAAAAAAAAAAADcGRmAAAQAAgAAM4UMRIAAAARAAgAANBtKroAAAABABgBIEroAHs03wB6U3gABcD+AAXAkAACEikAAgBPTWFjaW50b3NoIEhEOlVzZXJzOgBkdzoARGVza3RvcDoAdGhlc2lzOgBiaWJsaW9ncmFwaHk6AHBkZjoAMjAwN19waXRlcm1hbl8yLnBkZgAADgAoABMAMgAwADAANwBfAHAAaQB0AGUAcgBtAGEAbgBfADIALgBwAGQAZgAPABoADABNAGEAYwBpAG4AdABvAHMAaAAgAEgARAASADxVc2Vycy9kdy9EZXNrdG9wL3RoZXNpcy9iaWJsaW9ncmFwaHkvcGRmLzIwMDdfcGl0ZXJtYW5fMi5wZGYAEwABLwAAFQACAAn//wAAgAbSGxwdHlokY2xhc3NuYW1lWCRjbGFzc2VzXU5TTXV0YWJsZURhdGGjHR8gVk5TRGF0YVhOU09iamVjdNIbHCIjXE5TRGljdGlvbmFyeaIiIF8QD05TS2V5ZWRBcmNoaXZlctEmJ1Ryb290gAEACAARABoAIwAtADIANwBAAEYATQBVAGAAZwBqAGwAbgBxAHMAdQB3AIQAjgCoAK0AtQJ5AnsCgAKLApQCogKmAq0CtgK7AsgCywLdAuAC5QAAAAAAAAIBAAAAAAAAACgAAAAAAAAAAAAAAAAAAALn}}

@inproceedings{2006_piterman,
	Annote = {First publication of Piterman's construction
Extended version in 2007},
	Author = {Piterman, N.},
	Booktitle = {Logic in Computer Science, 2006 21st Annual IEEE Symposium on},
	Date-Added = {2014-10-22 09:30:14 +0000},
	Date-Modified = {2014-10-22 11:06:13 +0000},
	Doi = {10.1109/LICS.2006.28},
	Issn = {1043-6871},
	Keywords = {Construction, Determinisation-based},
	Pages = {255-264},
	Title = {From Nondeterministic Buchi and Streett Automata to Deterministic Parity Automata},
	Year = {2006},
	Bdsk-File-1 = {YnBsaXN0MDDUAQIDBAUGJCVYJHZlcnNpb25YJG9iamVjdHNZJGFyY2hpdmVyVCR0b3ASAAGGoKgHCBMUFRYaIVUkbnVsbNMJCgsMDxJXTlMua2V5c1pOUy5vYmplY3RzViRjbGFzc6INDoACgAOiEBGABIAFgAdccmVsYXRpdmVQYXRoWWFsaWFzRGF0YV8QF3BkZi8yMDA2X3BpdGVybWFuXzEucGRm0hcLGBlXTlMuZGF0YU8RAcAAAAAAAcAAAgAADE1hY2ludG9zaCBIRAAAAAAAAAAAAAAAAAAAAM4UTTJIKwAAASBK6BMyMDA2X3BpdGVybWFuXzEucGRmAAAAAAAAAAAAAAAAAAAAAAAAAAAAAAAAAAAAAAAAAAAAAAAAAAAAAAAAAAABIHDP0G1GJwAAAAAAAAAAAAEAAwAACSAAAAAAAAAAAAAAAAAAAAADcGRmAAAQAAgAAM4UMRIAAAARAAgAANBtKgcAAAABABgBIEroAHs03wB6U3gABcD+AAXAkAACEikAAgBPTWFjaW50b3NoIEhEOlVzZXJzOgBkdzoARGVza3RvcDoAdGhlc2lzOgBiaWJsaW9ncmFwaHk6AHBkZjoAMjAwNl9waXRlcm1hbl8xLnBkZgAADgAoABMAMgAwADAANgBfAHAAaQB0AGUAcgBtAGEAbgBfADEALgBwAGQAZgAPABoADABNAGEAYwBpAG4AdABvAHMAaAAgAEgARAASADxVc2Vycy9kdy9EZXNrdG9wL3RoZXNpcy9iaWJsaW9ncmFwaHkvcGRmLzIwMDZfcGl0ZXJtYW5fMS5wZGYAEwABLwAAFQACAAn//wAAgAbSGxwdHlokY2xhc3NuYW1lWCRjbGFzc2VzXU5TTXV0YWJsZURhdGGjHR8gVk5TRGF0YVhOU09iamVjdNIbHCIjXE5TRGljdGlvbmFyeaIiIF8QD05TS2V5ZWRBcmNoaXZlctEmJ1Ryb290gAEACAARABoAIwAtADIANwBAAEYATQBVAGAAZwBqAGwAbgBxAHMAdQB3AIQAjgCoAK0AtQJ5AnsCgAKLApQCogKmAq0CtgK7AsgCywLdAuAC5QAAAAAAAAIBAAAAAAAAACgAAAAAAAAAAAAAAAAAAALn}}

@article{Muller199569,
	Author = {David E. Muller and Paul E. Schupp},
	Date-Added = {2014-10-22 09:24:02 +0000},
	Date-Modified = {2014-10-22 13:30:14 +0000},
	Doi = {http://dx.doi.org/10.1016/0304-3975(94)00214-4},
	Issn = {0304-3975},
	Journal = {Theoretical Computer Science},
	Keywords = {Construction, Determinisation-based},
	Number = {1--2},
	Pages = {69 - 107},
	Title = {Simulating Alternating Tree Automata by Nondeterministic Automata: New Results and New Proofs of the Theorems of Rabin, McNaughton and Safra},
	Url = {http://www.sciencedirect.com/science/article/pii/0304397594002144},
	Volume = {141},
	Year = {1995},
	Bdsk-File-1 = {YnBsaXN0MDDUAQIDBAUGJCVYJHZlcnNpb25YJG9iamVjdHNZJGFyY2hpdmVyVCR0b3ASAAGGoKgHCBMUFRYaIVUkbnVsbNMJCgsMDxJXTlMua2V5c1pOUy5vYmplY3RzViRjbGFzc6INDoACgAOiEBGABIAFgAdccmVsYXRpdmVQYXRoWWFsaWFzRGF0YV8QGnBkZi8xOTk1X211bGxlcl9zY2h1cHAucGRm0hcLGBlXTlMuZGF0YU8RAcwAAAAAAcwAAgAADE1hY2ludG9zaCBIRAAAAAAAAAAAAAAAAAAAAM4UTTJIKwAAASBK6BYxOTk1X211bGxlcl9zY2h1cHAucGRmAAAAAAAAAAAAAAAAAAAAAAAAAAAAAAAAAAAAAAAAAAAAAAAAAAAAAAABIGfl0G1EgAAAAAAAAAAAAAEAAwAACSAAAAAAAAAAAAAAAAAAAAADcGRmAAAQAAgAAM4UMRIAAAARAAgAANBtKGAAAAABABgBIEroAHs03wB6U3gABcD+AAXAkAACEikAAgBSTWFjaW50b3NoIEhEOlVzZXJzOgBkdzoARGVza3RvcDoAdGhlc2lzOgBiaWJsaW9ncmFwaHk6AHBkZjoAMTk5NV9tdWxsZXJfc2NodXBwLnBkZgAOAC4AFgAxADkAOQA1AF8AbQB1AGwAbABlAHIAXwBzAGMAaAB1AHAAcAAuAHAAZABmAA8AGgAMAE0AYQBjAGkAbgB0AG8AcwBoACAASABEABIAP1VzZXJzL2R3L0Rlc2t0b3AvdGhlc2lzL2JpYmxpb2dyYXBoeS9wZGYvMTk5NV9tdWxsZXJfc2NodXBwLnBkZgAAEwABLwAAFQACAAn//wAAgAbSGxwdHlokY2xhc3NuYW1lWCRjbGFzc2VzXU5TTXV0YWJsZURhdGGjHR8gVk5TRGF0YVhOU09iamVjdNIbHCIjXE5TRGljdGlvbmFyeaIiIF8QD05TS2V5ZWRBcmNoaXZlctEmJ1Ryb290gAEACAARABoAIwAtADIANwBAAEYATQBVAGAAZwBqAGwAbgBxAHMAdQB3AIQAjgCrALAAuAKIAooCjwKaAqMCsQK1ArwCxQLKAtcC2gLsAu8C9AAAAAAAAAIBAAAAAAAAACgAAAAAAAAAAAAAAAAAAAL2}}

@conference{buchi1960decision,
	Annote = {Introduction of B{\"u}chi automata
First complementation construction for NBW (Ramsey-based)
Proof that NBW are closed under complementation

Text not accessible},
	Author = {B{\"u}chi, Julius Richard},
	Booktitle = {Proc. International Congress on Logic, Method, and Philosophy of Science, 1960},
	Date-Added = {2014-10-22 09:16:13 +0000},
	Date-Modified = {2014-10-22 11:06:13 +0000},
	Keywords = {Construction, Ramsey-based, Seminal},
	Publisher = {Stanford University Press},
	Title = {On a Decision Method in Restricted Second Order Arithmetic},
	Year = {1962}}

@book{hopcroft2006automata,
	Author = {Hopcroft, John E and Motwani, Rajeev and Ullman, Jeffrey D},
	Date-Added = {2014-10-22 08:56:45 +0000},
	Date-Modified = {2014-10-22 13:22:26 +0000},
	Edition = {2nd edition},
	Keywords = {Basics},
	Publisher = {Addison-Wesley},
	Title = {Introduction to Automata Theory, Languages, and Computation},
	Year = {2001}}

@book{baier2008principles,
	Author = {Baier, Christel and Katoen, Joost-Pieter and others},
	Date-Added = {2014-10-22 08:54:07 +0000},
	Date-Modified = {2014-10-22 11:06:13 +0000},
	Keywords = {Model Checking},
	Publisher = {MIT press Cambridge},
	Title = {Principles of Model Checking},
	Year = {2008}}

@book{ben2012mathematical,
	Author = {Ben-Ari, Mordechai},
	Date-Added = {2014-10-22 08:51:16 +0000},
	Date-Modified = {2014-10-22 11:06:14 +0000},
	Edition = {3rd edition},
	Keywords = {Model Checking},
	Publisher = {Springer},
	Title = {Mathematical Logic for Computer Science},
	Year = {2012}}

@book{huth2004logic,
	Author = {Huth, Michael and Ryan, Mark},
	Date-Added = {2014-10-22 08:49:34 +0000},
	Date-Modified = {2014-10-22 11:06:13 +0000},
	Keywords = {Model Checking},
	Publisher = {Cambridge University Press},
	Title = {Logic in Computer Science: Modelling and Reasoning about Systems},
	Year = {2004}}

@incollection{2008_emerson_model_checking,
	Author = {Emerson, E.Allen},
	Booktitle = {25 Years of Model Checking},
	Date-Added = {2014-10-22 08:44:39 +0000},
	Date-Modified = {2014-10-22 11:06:13 +0000},
	Doi = {10.1007/978-3-540-69850-0_2},
	Editor = {Grumberg, Orna and Veith, Helmut},
	Isbn = {978-3-540-69849-4},
	Keywords = {Model Checking},
	Language = {English},
	Pages = {27-45},
	Publisher = {Springer Berlin Heidelberg},
	Series = {Lecture Notes in Computer Science},
	Title = {The Beginning of Model Checking: A Personal Perspective},
	Url = {http://dx.doi.org/10.1007/978-3-540-69850-0_2},
	Volume = {5000},
	Year = {2008},
	Bdsk-File-1 = {YnBsaXN0MDDUAQIDBAUGJCVYJHZlcnNpb25YJG9iamVjdHNZJGFyY2hpdmVyVCR0b3ASAAGGoKgHCBMUFRYaIVUkbnVsbNMJCgsMDxJXTlMua2V5c1pOUy5vYmplY3RzViRjbGFzc6INDoACgAOiEBGABIAFgAdccmVsYXRpdmVQYXRoWWFsaWFzRGF0YV8QFHBkZi8yMDA4X2VtZXJzb24ucGRm0hcLGBlXTlMuZGF0YU8RAbQAAAAAAbQAAgAADE1hY2ludG9zaCBIRAAAAAAAAAAAAAAAAAAAAM4UTTJIKwAAASBK6BAyMDA4X2VtZXJzb24ucGRmAAAAAAAAAAAAAAAAAAAAAAAAAAAAAAAAAAAAAAAAAAAAAAAAAAAAAAAAAAAAAAAA3915z/mjkgAAAAAAAAAAAAEAAwAACSAAAAAAAAAAAAAAAAAAAAADcGRmAAAQAAgAAM4UMRIAAAARAAgAAM/5h3IAAAABABgBIEroAHs03wB6U3gABcD+AAXAkAACEikAAgBMTWFjaW50b3NoIEhEOlVzZXJzOgBkdzoARGVza3RvcDoAdGhlc2lzOgBiaWJsaW9ncmFwaHk6AHBkZjoAMjAwOF9lbWVyc29uLnBkZgAOACIAEAAyADAAMAA4AF8AZQBtAGUAcgBzAG8AbgAuAHAAZABmAA8AGgAMAE0AYQBjAGkAbgB0AG8AcwBoACAASABEABIAOVVzZXJzL2R3L0Rlc2t0b3AvdGhlc2lzL2JpYmxpb2dyYXBoeS9wZGYvMjAwOF9lbWVyc29uLnBkZgAAEwABLwAAFQACAAn//wAAgAbSGxwdHlokY2xhc3NuYW1lWCRjbGFzc2VzXU5TTXV0YWJsZURhdGGjHR8gVk5TRGF0YVhOU09iamVjdNIbHCIjXE5TRGljdGlvbmFyeaIiIF8QD05TS2V5ZWRBcmNoaXZlctEmJ1Ryb290gAEACAARABoAIwAtADIANwBAAEYATQBVAGAAZwBqAGwAbgBxAHMAdQB3AIQAjgClAKoAsgJqAmwCcQJ8AoUCkwKXAp4CpwKsArkCvALOAtEC1gAAAAAAAAIBAAAAAAAAACgAAAAAAAAAAAAAAAAAAALY}}

@incollection{2008_clarke_model_checking,
	Author = {Clarke, EdmundM.},
	Booktitle = {25 Years of Model Checking},
	Date-Added = {2014-10-22 08:43:10 +0000},
	Date-Modified = {2014-10-22 11:06:13 +0000},
	Doi = {10.1007/978-3-540-69850-0_1},
	Editor = {Grumberg, Orna and Veith, Helmut},
	Isbn = {978-3-540-69849-4},
	Keywords = {Model Checking},
	Language = {English},
	Pages = {1-26},
	Publisher = {Springer Berlin Heidelberg},
	Series = {Lecture Notes in Computer Science},
	Title = {The Birth of Model Checking},
	Url = {http://dx.doi.org/10.1007/978-3-540-69850-0_1},
	Volume = {5000},
	Year = {2008},
	Bdsk-File-1 = {YnBsaXN0MDDUAQIDBAUGJCVYJHZlcnNpb25YJG9iamVjdHNZJGFyY2hpdmVyVCR0b3ASAAGGoKgHCBMUFRYaIVUkbnVsbNMJCgsMDxJXTlMua2V5c1pOUy5vYmplY3RzViRjbGFzc6INDoACgAOiEBGABIAFgAdccmVsYXRpdmVQYXRoWWFsaWFzRGF0YV8QE3BkZi8yMDA4X2NsYXJrZS5wZGbSFwsYGVdOUy5kYXRhTxEBsAAAAAABsAACAAAMTWFjaW50b3NoIEhEAAAAAAAAAAAAAAAAAAAAzhRNMkgrAAABIEroDzIwMDhfY2xhcmtlLnBkZgAAAAAAAAAAAAAAAAAAAAAAAAAAAAAAAAAAAAAAAAAAAAAAAAAAAAAAAAAAAAAAAADf3cfP+aG/AAAAAAAAAAAAAQADAAAJIAAAAAAAAAAAAAAAAAAAAANwZGYAABAACAAAzhQxEgAAABEACAAAz/mFnwAAAAEAGAEgSugAezTfAHpTeAAFwP4ABcCQAAISKQACAEtNYWNpbnRvc2ggSEQ6VXNlcnM6AGR3OgBEZXNrdG9wOgB0aGVzaXM6AGJpYmxpb2dyYXBoeToAcGRmOgAyMDA4X2NsYXJrZS5wZGYAAA4AIAAPADIAMAAwADgAXwBjAGwAYQByAGsAZQAuAHAAZABmAA8AGgAMAE0AYQBjAGkAbgB0AG8AcwBoACAASABEABIAOFVzZXJzL2R3L0Rlc2t0b3AvdGhlc2lzL2JpYmxpb2dyYXBoeS9wZGYvMjAwOF9jbGFya2UucGRmABMAAS8AABUAAgAJ//8AAIAG0hscHR5aJGNsYXNzbmFtZVgkY2xhc3Nlc11OU011dGFibGVEYXRhox0fIFZOU0RhdGFYTlNPYmplY3TSGxwiI1xOU0RpY3Rpb25hcnmiIiBfEA9OU0tleWVkQXJjaGl2ZXLRJidUcm9vdIABAAgAEQAaACMALQAyADcAQABGAE0AVQBgAGcAagBsAG4AcQBzAHUAdwCEAI4ApACpALECZQJnAmwCdwKAAo4CkgKZAqICpwK0ArcCyQLMAtEAAAAAAAACAQAAAAAAAAAoAAAAAAAAAAAAAAAAAAAC0w==}}

@incollection{2007_vardi_model_checking,
	Author = {Vardi, MosheY.},
	Booktitle = {Verification, Model Checking, and Abstract Interpretation},
	Date-Added = {2014-10-22 08:40:44 +0000},
	Date-Modified = {2014-10-22 11:06:13 +0000},
	Doi = {10.1007/978-3-540-69738-1_10},
	Editor = {Cook, Byron and Podelski, Andreas},
	Isbn = {978-3-540-69735-0},
	Keywords = {Model Checking},
	Language = {English},
	Pages = {137-150},
	Publisher = {Springer Berlin Heidelberg},
	Series = {Lecture Notes in Computer Science},
	Title = {Automata-Theoretic Model Checking Revisited},
	Url = {http://dx.doi.org/10.1007/978-3-540-69738-1_10},
	Volume = {4349},
	Year = {2007},
	Bdsk-File-1 = {YnBsaXN0MDDUAQIDBAUGJCVYJHZlcnNpb25YJG9iamVjdHNZJGFyY2hpdmVyVCR0b3ASAAGGoKgHCBMUFRYaIVUkbnVsbNMJCgsMDxJXTlMua2V5c1pOUy5vYmplY3RzViRjbGFzc6INDoACgAOiEBGABIAFgAdccmVsYXRpdmVQYXRoWWFsaWFzRGF0YV8QIXBkZi8yMDA3X3ZhcmRpX21vZGVsX2NoZWNraW5nLnBkZtIXCxgZV05TLmRhdGFPEQHoAAAAAAHoAAIAAAxNYWNpbnRvc2ggSEQAAAAAAAAAAAAAAAAAAADOFE0ySCsAAAEgSugdMjAwN192YXJkaV9tb2RlbF9jaGVja2luZy5wZGYAAAAAAAAAAAAAAAAAAAAAAAAAAAAAAAAAAAAAAAAAAAAAARQgRtBM0hYAAAAAAAAAAAABAAMAAAkgAAAAAAAAAAAAAAAAAAAAA3BkZgAAEAAIAADOFDESAAAAEQAIAADQTLX2AAAAAQAYASBK6AB7NN8AelN4AAXA/gAFwJAAAhIpAAIAWU1hY2ludG9zaCBIRDpVc2VyczoAZHc6AERlc2t0b3A6AHRoZXNpczoAYmlibGlvZ3JhcGh5OgBwZGY6ADIwMDdfdmFyZGlfbW9kZWxfY2hlY2tpbmcucGRmAAAOADwAHQAyADAAMAA3AF8AdgBhAHIAZABpAF8AbQBvAGQAZQBsAF8AYwBoAGUAYwBrAGkAbgBnAC4AcABkAGYADwAaAAwATQBhAGMAaQBuAHQAbwBzAGgAIABIAEQAEgBGVXNlcnMvZHcvRGVza3RvcC90aGVzaXMvYmlibGlvZ3JhcGh5L3BkZi8yMDA3X3ZhcmRpX21vZGVsX2NoZWNraW5nLnBkZgATAAEvAAAVAAIACf//AACABtIbHB0eWiRjbGFzc25hbWVYJGNsYXNzZXNdTlNNdXRhYmxlRGF0YaMdHyBWTlNEYXRhWE5TT2JqZWN00hscIiNcTlNEaWN0aW9uYXJ5oiIgXxAPTlNLZXllZEFyY2hpdmVy0SYnVHJvb3SAAQAIABEAGgAjAC0AMgA3AEAARgBNAFUAYABnAGoAbABuAHEAcwB1AHcAhACOALIAtwC/AqsCrQKyAr0CxgLUAtgC3wLoAu0C+gL9Aw8DEgMXAAAAAAAAAgEAAAAAAAAAKAAAAAAAAAAAAAAAAAAAAxk=}}

@incollection{1999_mueller_model_checking,
	Author = {M{\"u}ller-Olm, Markus and Schmidt, David and Steffen, Bernhard},
	Booktitle = {Static Analysis},
	Date-Added = {2014-10-22 08:38:43 +0000},
	Date-Modified = {2014-10-22 11:06:13 +0000},
	Doi = {10.1007/3-540-48294-6_22},
	Editor = {Cortesi, Agostino and Fil{\'e}, Gilberto},
	Isbn = {978-3-540-66459-8},
	Keywords = {Model Checking},
	Language = {English},
	Pages = {330-354},
	Publisher = {Springer Berlin Heidelberg},
	Series = {Lecture Notes in Computer Science},
	Title = {Model-Checking: A Tutorial Introduction},
	Url = {http://dx.doi.org/10.1007/3-540-48294-6_22},
	Volume = {1694},
	Year = {1999},
	Bdsk-File-1 = {YnBsaXN0MDDUAQIDBAUGJCVYJHZlcnNpb25YJG9iamVjdHNZJGFyY2hpdmVyVCR0b3ASAAGGoKgHCBMUFRYaIVUkbnVsbNMJCgsMDxJXTlMua2V5c1pOUy5vYmplY3RzViRjbGFzc6INDoACgAOiEBGABIAFgAdccmVsYXRpdmVQYXRoWWFsaWFzRGF0YV8QFHBkZi8xOTk5X211ZWxsZXIucGRm0hcLGBlXTlMuZGF0YU8RAbQAAAAAAbQAAgAADE1hY2ludG9zaCBIRAAAAAAAAAAAAAAAAAAAAM4UTTJIKwAAASBK6BAxOTk5X211ZWxsZXIucGRmAAAAAAAAAAAAAAAAAAAAAAAAAAAAAAAAAAAAAAAAAAAAAAAAAAAAAAAAAAAAAAAAtY+0z0eUWgAAAAAAAAAAAAEAAwAACSAAAAAAAAAAAAAAAAAAAAADcGRmAAAQAAgAAM4UMRIAAAARAAgAAM9HhkoAAAABABgBIEroAHs03wB6U3gABcD+AAXAkAACEikAAgBMTWFjaW50b3NoIEhEOlVzZXJzOgBkdzoARGVza3RvcDoAdGhlc2lzOgBiaWJsaW9ncmFwaHk6AHBkZjoAMTk5OV9tdWVsbGVyLnBkZgAOACIAEAAxADkAOQA5AF8AbQB1AGUAbABsAGUAcgAuAHAAZABmAA8AGgAMAE0AYQBjAGkAbgB0AG8AcwBoACAASABEABIAOVVzZXJzL2R3L0Rlc2t0b3AvdGhlc2lzL2JpYmxpb2dyYXBoeS9wZGYvMTk5OV9tdWVsbGVyLnBkZgAAEwABLwAAFQACAAn//wAAgAbSGxwdHlokY2xhc3NuYW1lWCRjbGFzc2VzXU5TTXV0YWJsZURhdGGjHR8gVk5TRGF0YVhOU09iamVjdNIbHCIjXE5TRGljdGlvbmFyeaIiIF8QD05TS2V5ZWRBcmNoaXZlctEmJ1Ryb290gAEACAARABoAIwAtADIANwBAAEYATQBVAGAAZwBqAGwAbgBxAHMAdQB3AIQAjgClAKoAsgJqAmwCcQJ8AoUCkwKXAp4CpwKsArkCvALOAtEC1gAAAAAAAAIBAAAAAAAAACgAAAAAAAAAAAAAAAAAAALY}}

@incollection{1995_tasiran,
	Author = {Ta{\c S}iran, Serdar and Hojati, Ramin and Brayton, RobertK.},
	Booktitle = {Correct Hardware Design and Verification Methods},
	Date-Added = {2014-10-22 08:36:38 +0000},
	Date-Modified = {2014-10-22 15:50:31 +0000},
	Doi = {10.1007/3-540-60385-9_16},
	Editor = {Camurati, PaoloE. and Eveking, Hans},
	Isbn = {978-3-540-60385-6},
	Keywords = {About Safra, Experimental},
	Language = {English},
	Pages = {261-277},
	Publisher = {Springer Berlin Heidelberg},
	Series = {Lecture Notes in Computer Science},
	Title = {Language Containment of Non-Deterministic {$\omega$}-Automata},
	Url = {http://dx.doi.org/10.1007/3-540-60385-9_16},
	Volume = {987},
	Year = {1995},
	Bdsk-File-1 = {YnBsaXN0MDDUAQIDBAUGJCVYJHZlcnNpb25YJG9iamVjdHNZJGFyY2hpdmVyVCR0b3ASAAGGoKgHCBMUFRYaIVUkbnVsbNMJCgsMDxJXTlMua2V5c1pOUy5vYmplY3RzViRjbGFzc6INDoACgAOiEBGABIAFgAdccmVsYXRpdmVQYXRoWWFsaWFzRGF0YV8QFHBkZi8xOTk1X3Rhc2lyYW4ucGRm0hcLGBlXTlMuZGF0YU8RAbQAAAAAAbQAAgAADE1hY2ludG9zaCBIRAAAAAAAAAAAAAAAAAAAAM4UTTJIKwAAASBK6BAxOTk1X3Rhc2lyYW4ucGRmAAAAAAAAAAAAAAAAAAAAAAAAAAAAAAAAAAAAAAAAAAAAAAAAAAAAAAAAAAAAAAABIUBu0EzRZgAAAAAAAAAAAAEAAwAACSAAAAAAAAAAAAAAAAAAAAADcGRmAAAQAAgAAM4UMRIAAAARAAgAANBMtUYAAAABABgBIEroAHs03wB6U3gABcD+AAXAkAACEikAAgBMTWFjaW50b3NoIEhEOlVzZXJzOgBkdzoARGVza3RvcDoAdGhlc2lzOgBiaWJsaW9ncmFwaHk6AHBkZjoAMTk5NV90YXNpcmFuLnBkZgAOACIAEAAxADkAOQA1AF8AdABhAHMAaQByAGEAbgAuAHAAZABmAA8AGgAMAE0AYQBjAGkAbgB0AG8AcwBoACAASABEABIAOVVzZXJzL2R3L0Rlc2t0b3AvdGhlc2lzL2JpYmxpb2dyYXBoeS9wZGYvMTk5NV90YXNpcmFuLnBkZgAAEwABLwAAFQACAAn//wAAgAbSGxwdHlokY2xhc3NuYW1lWCRjbGFzc2VzXU5TTXV0YWJsZURhdGGjHR8gVk5TRGF0YVhOU09iamVjdNIbHCIjXE5TRGljdGlvbmFyeaIiIF8QD05TS2V5ZWRBcmNoaXZlctEmJ1Ryb290gAEACAARABoAIwAtADIANwBAAEYATQBVAGAAZwBqAGwAbgBxAHMAdQB3AIQAjgClAKoAsgJqAmwCcQJ8AoUCkwKXAp4CpwKsArkCvALOAtEC1gAAAAAAAAIBAAAAAAAAACgAAAAAAAAAAAAAAAAAAALY}}

@incollection{2011_buchi_store,
	Author = {Tsay, Yih-Kuen and Tsai, Ming-Hsien and Chang, Jinn-Shu and Chang, Yi-Wen},
	Booktitle = {Tools and Algorithms for the Construction and Analysis of Systems},
	Date-Added = {2014-10-22 08:12:12 +0000},
	Date-Modified = {2014-10-22 11:06:14 +0000},
	Doi = {10.1007/978-3-642-19835-9_23},
	Editor = {Abdulla, ParoshAziz and Leino, K.RustanM.},
	Isbn = {978-3-642-19834-2},
	Keywords = {GOAL, Experimental},
	Language = {English},
	Pages = {262-266},
	Publisher = {Springer Berlin Heidelberg},
	Rating = {0},
	Series = {Lecture Notes in Computer Science},
	Title = {B{\"u}chi Store: An Open Repository of B{\"u}chi Automata},
	Url = {http://dx.doi.org/10.1007/978-3-642-19835-9_23},
	Volume = {6605},
	Year = {2011},
	Bdsk-File-1 = {YnBsaXN0MDDUAQIDBAUGJCVYJHZlcnNpb25YJG9iamVjdHNZJGFyY2hpdmVyVCR0b3ASAAGGoKgHCBMUFRYaIVUkbnVsbNMJCgsMDxJXTlMua2V5c1pOUy5vYmplY3RzViRjbGFzc6INDoACgAOiEBGABIAFgAdccmVsYXRpdmVQYXRoWWFsaWFzRGF0YV8QHXBkZi8yMDExX3RzYXlfYnVjaGlfc3RvcmUucGRm0hcLGBlXTlMuZGF0YU8RAdgAAAAAAdgAAgAADE1hY2ludG9zaCBIRAAAAAAAAAAAAAAAAAAAAM4UTTJIKwAAASBK6BkyMDExX3RzYXlfYnVjaGlfc3RvcmUucGRmAAAAAAAAAAAAAAAAAAAAAAAAAAAAAAAAAAAAAAAAAAAAAAAAAAAAhuTAz2R7wQAAAAAAAAAAAAEAAwAACSAAAAAAAAAAAAAAAAAAAAADcGRmAAAQAAgAAM4UMRIAAAARAAgAAM9kX6EAAAABABgBIEroAHs03wB6U3gABcD+AAXAkAACEikAAgBVTWFjaW50b3NoIEhEOlVzZXJzOgBkdzoARGVza3RvcDoAdGhlc2lzOgBiaWJsaW9ncmFwaHk6AHBkZjoAMjAxMV90c2F5X2J1Y2hpX3N0b3JlLnBkZgAADgA0ABkAMgAwADEAMQBfAHQAcwBhAHkAXwBiAHUAYwBoAGkAXwBzAHQAbwByAGUALgBwAGQAZgAPABoADABNAGEAYwBpAG4AdABvAHMAaAAgAEgARAASAEJVc2Vycy9kdy9EZXNrdG9wL3RoZXNpcy9iaWJsaW9ncmFwaHkvcGRmLzIwMTFfdHNheV9idWNoaV9zdG9yZS5wZGYAEwABLwAAFQACAAn//wAAgAbSGxwdHlokY2xhc3NuYW1lWCRjbGFzc2VzXU5TTXV0YWJsZURhdGGjHR8gVk5TRGF0YVhOU09iamVjdNIbHCIjXE5TRGljdGlvbmFyeaIiIF8QD05TS2V5ZWRBcmNoaXZlctEmJ1Ryb290gAEACAARABoAIwAtADIANwBAAEYATQBVAGAAZwBqAGwAbgBxAHMAdQB3AIQAjgCuALMAuwKXApkCngKpArICwALEAssC1ALZAuYC6QL7Av4DAwAAAAAAAAIBAAAAAAAAACgAAAAAAAAAAAAAAAAAAAMF}}

@incollection{2008_goal_ext,
	Author = {Tsay, Yih-Kuen and Chen, Yu-Fang and Tsai, Ming-Hsien and Chan, Wen-Chin and Luo, Chi-Jian},
	Booktitle = {Tools and Algorithms for the Construction and Analysis of Systems},
	Date-Added = {2014-10-22 08:09:03 +0000},
	Date-Modified = {2014-10-22 11:06:13 +0000},
	Doi = {10.1007/978-3-540-78800-3_26},
	Editor = {Ramakrishnan, C.R. and Rehof, Jakob},
	Isbn = {978-3-540-78799-0},
	Keywords = {GOAL, Experimental},
	Language = {English},
	Pages = {346-350},
	Publisher = {Springer Berlin Heidelberg},
	Series = {Lecture Notes in Computer Science},
	Title = {Goal Extended: Towards a Research Tool for Omega Automata and Temporal Logic},
	Url = {http://dx.doi.org/10.1007/978-3-540-78800-3_26},
	Volume = {4963},
	Year = {2008},
	Bdsk-File-1 = {YnBsaXN0MDDUAQIDBAUGJCVYJHZlcnNpb25YJG9iamVjdHNZJGFyY2hpdmVyVCR0b3ASAAGGoKgHCBMUFRYaIVUkbnVsbNMJCgsMDxJXTlMua2V5c1pOUy5vYmplY3RzViRjbGFzc6INDoACgAOiEBGABIAFgAdccmVsYXRpdmVQYXRoWWFsaWFzRGF0YV8QH3BkZi8yMDA4X3RzYXlfZ29hbF9leHRlbmRlZC5wZGbSFwsYGVdOUy5kYXRhTxEB4AAAAAAB4AACAAAMTWFjaW50b3NoIEhEAAAAAAAAAAAAAAAAAAAAzhRNMkgrAAABIEroGzIwMDhfdHNheV9nb2FsX2V4dGVuZGVkLnBkZgAAAAAAAAAAAAAAAAAAAAAAAAAAAAAAAAAAAAAAAAAAAAAAAACGzIbPZH3lAAAAAAAAAAAAAQADAAAJIAAAAAAAAAAAAAAAAAAAAANwZGYAABAACAAAzhQxEgAAABEACAAAz2RhxQAAAAEAGAEgSugAezTfAHpTeAAFwP4ABcCQAAISKQACAFdNYWNpbnRvc2ggSEQ6VXNlcnM6AGR3OgBEZXNrdG9wOgB0aGVzaXM6AGJpYmxpb2dyYXBoeToAcGRmOgAyMDA4X3RzYXlfZ29hbF9leHRlbmRlZC5wZGYAAA4AOAAbADIAMAAwADgAXwB0AHMAYQB5AF8AZwBvAGEAbABfAGUAeAB0AGUAbgBkAGUAZAAuAHAAZABmAA8AGgAMAE0AYQBjAGkAbgB0AG8AcwBoACAASABEABIARFVzZXJzL2R3L0Rlc2t0b3AvdGhlc2lzL2JpYmxpb2dyYXBoeS9wZGYvMjAwOF90c2F5X2dvYWxfZXh0ZW5kZWQucGRmABMAAS8AABUAAgAJ//8AAIAG0hscHR5aJGNsYXNzbmFtZVgkY2xhc3Nlc11OU011dGFibGVEYXRhox0fIFZOU0RhdGFYTlNPYmplY3TSGxwiI1xOU0RpY3Rpb25hcnmiIiBfEA9OU0tleWVkQXJjaGl2ZXLRJidUcm9vdIABAAgAEQAaACMALQAyADcAQABGAE0AVQBgAGcAagBsAG4AcQBzAHUAdwCEAI4AsAC1AL0CoQKjAqgCswK8AsoCzgLVAt4C4wLwAvMDBQMIAw0AAAAAAAACAQAAAAAAAAAoAAAAAAAAAAAAAAAAAAADDw==}}

@incollection{2007_goal,
	Author = {Tsay, Yih-Kuen and Chen, Yu-Fang and Tsai, Ming-Hsien and Wu, Kang-Nien and Chan, Wen-Chin},
	Booktitle = {Tools and Algorithms for the Construction and Analysis of Systems},
	Date-Added = {2014-10-22 08:06:52 +0000},
	Date-Modified = {2014-10-22 11:06:13 +0000},
	Doi = {10.1007/978-3-540-71209-1_35},
	Editor = {Grumberg, Orna and Huth, Michael},
	Isbn = {978-3-540-71208-4},
	Keywords = {GOAL},
	Language = {English},
	Pages = {466-471},
	Publisher = {Springer Berlin Heidelberg},
	Series = {Lecture Notes in Computer Science},
	Title = {Goal: A Graphical Tool for Manipulating B{\"u}chi Automata and Temporal Formulae},
	Url = {http://dx.doi.org/10.1007/978-3-540-71209-1_35},
	Volume = {4424},
	Year = {2007},
	Bdsk-File-1 = {YnBsaXN0MDDUAQIDBAUGJCVYJHZlcnNpb25YJG9iamVjdHNZJGFyY2hpdmVyVCR0b3ASAAGGoKgHCBMUFRYaIVUkbnVsbNMJCgsMDxJXTlMua2V5c1pOUy5vYmplY3RzViRjbGFzc6INDoACgAOiEBGABIAFgAdccmVsYXRpdmVQYXRoWWFsaWFzRGF0YV8QFnBkZi8yMDA3X3RzYXlfZ29hbC5wZGbSFwsYGVdOUy5kYXRhTxEBvAAAAAABvAACAAAMTWFjaW50b3NoIEhEAAAAAAAAAAAAAAAAAAAAzhRNMkgrAAABIEroEjIwMDdfdHNheV9nb2FsLnBkZgAAAAAAAAAAAAAAAAAAAAAAAAAAAAAAAAAAAAAAAAAAAAAAAAAAAAAAAAAAAACM0XvPZH4lAAAAAAAAAAAAAQADAAAJIAAAAAAAAAAAAAAAAAAAAANwZGYAABAACAAAzhQxEgAAABEACAAAz2RiBQAAAAEAGAEgSugAezTfAHpTeAAFwP4ABcCQAAISKQACAE5NYWNpbnRvc2ggSEQ6VXNlcnM6AGR3OgBEZXNrdG9wOgB0aGVzaXM6AGJpYmxpb2dyYXBoeToAcGRmOgAyMDA3X3RzYXlfZ29hbC5wZGYADgAmABIAMgAwADAANwBfAHQAcwBhAHkAXwBnAG8AYQBsAC4AcABkAGYADwAaAAwATQBhAGMAaQBuAHQAbwBzAGgAIABIAEQAEgA7VXNlcnMvZHcvRGVza3RvcC90aGVzaXMvYmlibGlvZ3JhcGh5L3BkZi8yMDA3X3RzYXlfZ29hbC5wZGYAABMAAS8AABUAAgAJ//8AAIAG0hscHR5aJGNsYXNzbmFtZVgkY2xhc3Nlc11OU011dGFibGVEYXRhox0fIFZOU0RhdGFYTlNPYmplY3TSGxwiI1xOU0RpY3Rpb25hcnmiIiBfEA9OU0tleWVkQXJjaGl2ZXLRJidUcm9vdIABAAgAEQAaACMALQAyADcAQABGAE0AVQBgAGcAagBsAG4AcQBzAHUAdwCEAI4ApwCsALQCdAJ2AnsChgKPAp0CoQKoArECtgLDAsYC2ALbAuAAAAAAAAACAQAAAAAAAAAoAAAAAAAAAAAAAAAAAAAC4g==}}

@inproceedings{schewe2009buchi,
	Author = {Schewe, Sven},
	Booktitle = {26th International Symposium on Theoretical Aspects of Computer Science-STACS 2009},
	Date-Added = {2014-10-21 18:33:27 +0000},
	Date-Modified = {2014-10-22 11:06:14 +0000},
	Keywords = {Construction, Rank-based},
	Pages = {661--672},
	Title = {B{\"u}chi Complementation Made Tight},
	Year = {2009},
	Bdsk-File-1 = {YnBsaXN0MDDUAQIDBAUGJCVYJHZlcnNpb25YJG9iamVjdHNZJGFyY2hpdmVyVCR0b3ASAAGGoKgHCBMUFRYaIVUkbnVsbNMJCgsMDxJXTlMua2V5c1pOUy5vYmplY3RzViRjbGFzc6INDoACgAOiEBGABIAFgAdccmVsYXRpdmVQYXRoWWFsaWFzRGF0YV8QHnBkZi8yMDA5X3NjaGV3ZV9tYWRlX3RpZ2h0LnBkZtIXCxgZV05TLmRhdGFPEQHcAAAAAAHcAAIAAAxNYWNpbnRvc2ggSEQAAAAAAAAAAAAAAAAAAADOFE0ySCsAAAEgSugaMjAwOV9zY2hld2VfbWFkZV90aWdodC5wZGYAAAAAAAAAAAAAAAAAAAAAAAAAAAAAAAAAAAAAAAAAAAAAAAAAASGAhc9SRYsAAAAAAAAAAAABAAMAAAkgAAAAAAAAAAAAAAAAAAAAA3BkZgAAEAAIAADOFDESAAAAEQAIAADPUjd7AAAAAQAYASBK6AB7NN8AelN4AAXA/gAFwJAAAhIpAAIAVk1hY2ludG9zaCBIRDpVc2VyczoAZHc6AERlc2t0b3A6AHRoZXNpczoAYmlibGlvZ3JhcGh5OgBwZGY6ADIwMDlfc2NoZXdlX21hZGVfdGlnaHQucGRmAA4ANgAaADIAMAAwADkAXwBzAGMAaABlAHcAZQBfAG0AYQBkAGUAXwB0AGkAZwBoAHQALgBwAGQAZgAPABoADABNAGEAYwBpAG4AdABvAHMAaAAgAEgARAASAENVc2Vycy9kdy9EZXNrdG9wL3RoZXNpcy9iaWJsaW9ncmFwaHkvcGRmLzIwMDlfc2NoZXdlX21hZGVfdGlnaHQucGRmAAATAAEvAAAVAAIACf//AACABtIbHB0eWiRjbGFzc25hbWVYJGNsYXNzZXNdTlNNdXRhYmxlRGF0YaMdHyBWTlNEYXRhWE5TT2JqZWN00hscIiNcTlNEaWN0aW9uYXJ5oiIgXxAPTlNLZXllZEFyY2hpdmVy0SYnVHJvb3SAAQAIABEAGgAjAC0AMgA3AEAARgBNAFUAYABnAGoAbABuAHEAcwB1AHcAhACOAK8AtAC8ApwCngKjAq4CtwLFAskC0ALZAt4C6wLuAwADAwMIAAAAAAAAAgEAAAAAAAAAKAAAAAAAAAAAAAAAAAAAAwo=}}

@article{1988_safra_2,
	Annote = {Journal version},
	Author = {Safra, S.},
	Date-Added = {2014-10-21 18:28:27 +0000},
	Date-Modified = {2014-10-22 11:06:13 +0000},
	Doi = {10.1109/SFCS.1988.21948},
	Journal = {Journal of Computer and System Science},
	Keywords = {Construction, Determinisation-based, Safra},
	Title = {On the Complexity of Omega-Automata},
	Year = {1988},
	Bdsk-File-1 = {YnBsaXN0MDDUAQIDBAUGJCVYJHZlcnNpb25YJG9iamVjdHNZJGFyY2hpdmVyVCR0b3ASAAGGoKgHCBMUFRYaIVUkbnVsbNMJCgsMDxJXTlMua2V5c1pOUy5vYmplY3RzViRjbGFzc6INDoACgAOiEBGABIAFgAdccmVsYXRpdmVQYXRoWWFsaWFzRGF0YV8QFHBkZi8xOTg4X3NhZnJhXzIucGRm0hcLGBlXTlMuZGF0YU8RAbQAAAAAAbQAAgAADE1hY2ludG9zaCBIRAAAAAAAAAAAAAAAAAAAAM4UTTJIKwAAASBK6BAxOTg4X3NhZnJhXzIucGRmAAAAAAAAAAAAAAAAAAAAAAAAAAAAAAAAAAAAAAAAAAAAAAAAAAAAAAAAAAAAAAAAhCbyz2CvTAAAAAAAAAAAAAEAAwAACSAAAAAAAAAAAAAAAAAAAAADcGRmAAAQAAgAAM4UMRIAAAARAAgAAM9gkywAAAABABgBIEroAHs03wB6U3gABcD+AAXAkAACEikAAgBMTWFjaW50b3NoIEhEOlVzZXJzOgBkdzoARGVza3RvcDoAdGhlc2lzOgBiaWJsaW9ncmFwaHk6AHBkZjoAMTk4OF9zYWZyYV8yLnBkZgAOACIAEAAxADkAOAA4AF8AcwBhAGYAcgBhAF8AMgAuAHAAZABmAA8AGgAMAE0AYQBjAGkAbgB0AG8AcwBoACAASABEABIAOVVzZXJzL2R3L0Rlc2t0b3AvdGhlc2lzL2JpYmxpb2dyYXBoeS9wZGYvMTk4OF9zYWZyYV8yLnBkZgAAEwABLwAAFQACAAn//wAAgAbSGxwdHlokY2xhc3NuYW1lWCRjbGFzc2VzXU5TTXV0YWJsZURhdGGjHR8gVk5TRGF0YVhOU09iamVjdNIbHCIjXE5TRGljdGlvbmFyeaIiIF8QD05TS2V5ZWRBcmNoaXZlctEmJ1Ryb290gAEACAARABoAIwAtADIANwBAAEYATQBVAGAAZwBqAGwAbgBxAHMAdQB3AIQAjgClAKoAsgJqAmwCcQJ8AoUCkwKXAp4CpwKsArkCvALOAtEC1gAAAAAAAAIBAAAAAAAAACgAAAAAAAAAAAAAAAAAAALY}}

@inproceedings{1988_safra_1,
	Annote = {Conference version (shorter than journal version)},
	Author = {Safra, S.},
	Booktitle = {Foundations of Computer Science, 1988., 29th Annual Symposium on},
	Date-Added = {2014-10-21 18:25:31 +0000},
	Date-Modified = {2014-10-22 11:06:13 +0000},
	Doi = {10.1109/SFCS.1988.21948},
	Keywords = {Construction, Determinisation-based, Safra},
	Month = {Oct},
	Pages = {319-327},
	Title = {On the Complexity of Omega-Automata},
	Year = {1988},
	Bdsk-File-1 = {YnBsaXN0MDDUAQIDBAUGJCVYJHZlcnNpb25YJG9iamVjdHNZJGFyY2hpdmVyVCR0b3ASAAGGoKgHCBMUFRYaIVUkbnVsbNMJCgsMDxJXTlMua2V5c1pOUy5vYmplY3RzViRjbGFzc6INDoACgAOiEBGABIAFgAdccmVsYXRpdmVQYXRoWWFsaWFzRGF0YV8QFHBkZi8xOTg4X3NhZnJhXzEucGRm0hcLGBlXTlMuZGF0YU8RAbQAAAAAAbQAAgAADE1hY2ludG9zaCBIRAAAAAAAAAAAAAAAAAAAAM4UTTJIKwAAASBK6BAxOTg4X3NhZnJhXzEucGRmAAAAAAAAAAAAAAAAAAAAAAAAAAAAAAAAAAAAAAAAAAAAAAAAAAAAAAAAAAAAAAAAfNcQz1JPGgAAAAAAAAAAAAEAAwAACSAAAAAAAAAAAAAAAAAAAAADcGRmAAAQAAgAAM4UMRIAAAARAAgAAM9SQQoAAAABABgBIEroAHs03wB6U3gABcD+AAXAkAACEikAAgBMTWFjaW50b3NoIEhEOlVzZXJzOgBkdzoARGVza3RvcDoAdGhlc2lzOgBiaWJsaW9ncmFwaHk6AHBkZjoAMTk4OF9zYWZyYV8xLnBkZgAOACIAEAAxADkAOAA4AF8AcwBhAGYAcgBhAF8AMQAuAHAAZABmAA8AGgAMAE0AYQBjAGkAbgB0AG8AcwBoACAASABEABIAOVVzZXJzL2R3L0Rlc2t0b3AvdGhlc2lzL2JpYmxpb2dyYXBoeS9wZGYvMTk4OF9zYWZyYV8xLnBkZgAAEwABLwAAFQACAAn//wAAgAbSGxwdHlokY2xhc3NuYW1lWCRjbGFzc2VzXU5TTXV0YWJsZURhdGGjHR8gVk5TRGF0YVhOU09iamVjdNIbHCIjXE5TRGljdGlvbmFyeaIiIF8QD05TS2V5ZWRBcmNoaXZlctEmJ1Ryb290gAEACAARABoAIwAtADIANwBAAEYATQBVAGAAZwBqAGwAbgBxAHMAdQB3AIQAjgClAKoAsgJqAmwCcQJ8AoUCkwKXAp4CpwKsArkCvALOAtEC1gAAAAAAAAIBAAAAAAAAACgAAAAAAAAAAAAAAAAAAALY}}

@article{PrasadSistla1987217,
	Author = {A. Prasad Sistla and Moshe Y. Vardi and Pierre Wolper},
	Date-Added = {2014-10-21 18:21:46 +0000},
	Date-Modified = {2014-10-22 11:06:13 +0000},
	Doi = {http://dx.doi.org/10.1016/0304-3975(87)90008-9},
	Issn = {0304-3975},
	Journal = {Theoretical Computer Science},
	Keywords = {Construction, Ramsey-based},
	Number = {2--3},
	Pages = {217 - 237},
	Title = {The Complementation Problem for B{\"u}chi Automata with Applications to Temporal Logic},
	Url = {http://www.sciencedirect.com/science/article/pii/0304397587900089},
	Volume = {49},
	Year = {1987},
	Bdsk-File-1 = {YnBsaXN0MDDUAQIDBAUGJCVYJHZlcnNpb25YJG9iamVjdHNZJGFyY2hpdmVyVCR0b3ASAAGGoKgHCBMUFRYaIVUkbnVsbNMJCgsMDxJXTlMua2V5c1pOUy5vYmplY3RzViRjbGFzc6INDoACgAOiEBGABIAFgAdccmVsYXRpdmVQYXRoWWFsaWFzRGF0YV8QE3BkZi8xOTg3X3Npc3RsYS5wZGbSFwsYGVdOUy5kYXRhTxEBsAAAAAABsAACAAAMTWFjaW50b3NoIEhEAAAAAAAAAAAAAAAAAAAAzhRNMkgrAAABIEroDzE5ODdfc2lzdGxhLnBkZgAAAAAAAAAAAAAAAAAAAAAAAAAAAAAAAAAAAAAAAAAAAAAAAAAAAAAAAAAAAAAAAAEgPh7PZKLnAAAAAAAAAAAAAQADAAAJIAAAAAAAAAAAAAAAAAAAAANwZGYAABAACAAAzhQxEgAAABEACAAAz2SGxwAAAAEAGAEgSugAezTfAHpTeAAFwP4ABcCQAAISKQACAEtNYWNpbnRvc2ggSEQ6VXNlcnM6AGR3OgBEZXNrdG9wOgB0aGVzaXM6AGJpYmxpb2dyYXBoeToAcGRmOgAxOTg3X3Npc3RsYS5wZGYAAA4AIAAPADEAOQA4ADcAXwBzAGkAcwB0AGwAYQAuAHAAZABmAA8AGgAMAE0AYQBjAGkAbgB0AG8AcwBoACAASABEABIAOFVzZXJzL2R3L0Rlc2t0b3AvdGhlc2lzL2JpYmxpb2dyYXBoeS9wZGYvMTk4N19zaXN0bGEucGRmABMAAS8AABUAAgAJ//8AAIAG0hscHR5aJGNsYXNzbmFtZVgkY2xhc3Nlc11OU011dGFibGVEYXRhox0fIFZOU0RhdGFYTlNPYmplY3TSGxwiI1xOU0RpY3Rpb25hcnmiIiBfEA9OU0tleWVkQXJjaGl2ZXLRJidUcm9vdIABAAgAEQAaACMALQAyADcAQABGAE0AVQBgAGcAagBsAG4AcQBzAHUAdwCEAI4ApACpALECZQJnAmwCdwKAAo4CkgKZAqICpwK0ArcCyQLMAtEAAAAAAAACAQAAAAAAAAAoAAAAAAAAAAAAAAAAAAAC0w==}}

@article{Kurshan198759,
	Author = {R.P. Kurshan},
	Date-Added = {2014-10-21 18:19:05 +0000},
	Date-Modified = {2014-10-22 16:00:57 +0000},
	Doi = {http://dx.doi.org/10.1016/0022-0000(87)90036-5},
	Issn = {0022-0000},
	Journal = {Journal of Computer and System Sciences},
	Keywords = {Seminal},
	Number = {1},
	Pages = {59 - 71},
	Title = {Complementing Deterministic B{\"u}chi Automata in Polynomial Time},
	Url = {http://www.sciencedirect.com/science/article/pii/0022000087900365},
	Volume = {35},
	Year = {1987},
	Bdsk-File-1 = {YnBsaXN0MDDUAQIDBAUGJCVYJHZlcnNpb25YJG9iamVjdHNZJGFyY2hpdmVyVCR0b3ASAAGGoKgHCBMUFRYaIVUkbnVsbNMJCgsMDxJXTlMua2V5c1pOUy5vYmplY3RzViRjbGFzc6INDoACgAOiEBGABIAFgAdccmVsYXRpdmVQYXRoWWFsaWFzRGF0YV8QFHBkZi8xOTg3X2t1cnNoYW4ucGRm0hcLGBlXTlMuZGF0YU8RAbQAAAAAAbQAAgAADE1hY2ludG9zaCBIRAAAAAAAAAAAAAAAAAAAAM4UTTJIKwAAASBK6BAxOTg3X2t1cnNoYW4ucGRmAAAAAAAAAAAAAAAAAAAAAAAAAAAAAAAAAAAAAAAAAAAAAAAAAAAAAAAAAAAAAAAA1t95z2HIKgAAAAAAAAAAAAEAAwAACSAAAAAAAAAAAAAAAAAAAAADcGRmAAAQAAgAAM4UMRIAAAARAAgAAM9hrAoAAAABABgBIEroAHs03wB6U3gABcD+AAXAkAACEikAAgBMTWFjaW50b3NoIEhEOlVzZXJzOgBkdzoARGVza3RvcDoAdGhlc2lzOgBiaWJsaW9ncmFwaHk6AHBkZjoAMTk4N19rdXJzaGFuLnBkZgAOACIAEAAxADkAOAA3AF8AawB1AHIAcwBoAGEAbgAuAHAAZABmAA8AGgAMAE0AYQBjAGkAbgB0AG8AcwBoACAASABEABIAOVVzZXJzL2R3L0Rlc2t0b3AvdGhlc2lzL2JpYmxpb2dyYXBoeS9wZGYvMTk4N19rdXJzaGFuLnBkZgAAEwABLwAAFQACAAn//wAAgAbSGxwdHlokY2xhc3NuYW1lWCRjbGFzc2VzXU5TTXV0YWJsZURhdGGjHR8gVk5TRGF0YVhOU09iamVjdNIbHCIjXE5TRGljdGlvbmFyeaIiIF8QD05TS2V5ZWRBcmNoaXZlctEmJ1Ryb290gAEACAARABoAIwAtADIANwBAAEYATQBVAGAAZwBqAGwAbgBxAHMAdQB3AIQAjgClAKoAsgJqAmwCcQJ8AoUCkwKXAp4CpwKsArkCvALOAtEC1gAAAAAAAAIBAAAAAAAAACgAAAAAAAAAAAAAAAAAAALY}}

@article{1959_rabin,
	Annote = {- Non-deterministic finite state automata
- Subset-construction.},
	Author = {Rabin, M.O. and Scott, D.},
	Date-Added = {2014-10-21 18:15:25 +0000},
	Date-Modified = {2014-10-22 13:40:28 +0000},
	Doi = {10.1147/rd.32.0114},
	Issn = {0018-8646},
	Journal = {IBM Journal of Research and Development},
	Keywords = {Seminal},
	Month = {April},
	Number = {2},
	Pages = {114-125},
	Title = {Finite Automata and Their Decision Problems},
	Volume = {3},
	Year = {1959},
	Bdsk-File-1 = {YnBsaXN0MDDUAQIDBAUGJCVYJHZlcnNpb25YJG9iamVjdHNZJGFyY2hpdmVyVCR0b3ASAAGGoKgHCBMUFRYaIVUkbnVsbNMJCgsMDxJXTlMua2V5c1pOUy5vYmplY3RzViRjbGFzc6INDoACgAOiEBGABIAFgAdccmVsYXRpdmVQYXRoWWFsaWFzRGF0YV8QGHBkZi8xOTU5X3JhYmluX3Njb3R0LnBkZtIXCxgZV05TLmRhdGFPEQHEAAAAAAHEAAIAAAxNYWNpbnRvc2ggSEQAAAAAAAAAAAAAAAAAAADOFE0ySCsAAAEgSugUMTk1OV9yYWJpbl9zY290dC5wZGYAAAAAAAAAAAAAAAAAAAAAAAAAAAAAAAAAAAAAAAAAAAAAAAAAAAAAAAAAASA76dBsLwYAAAAAAAAAAAABAAMAAAkgAAAAAAAAAAAAAAAAAAAAA3BkZgAAEAAIAADOFDESAAAAEQAIAADQbBLmAAAAAQAYASBK6AB7NN8AelN4AAXA/gAFwJAAAhIpAAIAUE1hY2ludG9zaCBIRDpVc2VyczoAZHc6AERlc2t0b3A6AHRoZXNpczoAYmlibGlvZ3JhcGh5OgBwZGY6ADE5NTlfcmFiaW5fc2NvdHQucGRmAA4AKgAUADEAOQA1ADkAXwByAGEAYgBpAG4AXwBzAGMAbwB0AHQALgBwAGQAZgAPABoADABNAGEAYwBpAG4AdABvAHMAaAAgAEgARAASAD1Vc2Vycy9kdy9EZXNrdG9wL3RoZXNpcy9iaWJsaW9ncmFwaHkvcGRmLzE5NTlfcmFiaW5fc2NvdHQucGRmAAATAAEvAAAVAAIACf//AACABtIbHB0eWiRjbGFzc25hbWVYJGNsYXNzZXNdTlNNdXRhYmxlRGF0YaMdHyBWTlNEYXRhWE5TT2JqZWN00hscIiNcTlNEaWN0aW9uYXJ5oiIgXxAPTlNLZXllZEFyY2hpdmVy0SYnVHJvb3SAAQAIABEAGgAjAC0AMgA3AEAARgBNAFUAYABnAGoAbABuAHEAcwB1AHcAhACOAKkArgC2An4CgAKFApACmQKnAqsCsgK7AsACzQLQAuIC5QLqAAAAAAAAAgEAAAAAAAAAKAAAAAAAAAAAAAAAAAAAAuw=}}

@inproceedings{1963_muller,
	Annote = {Introduction of Muller automata},
	Author = {Muller, David E.},
	Booktitle = {Switching Circuit Theory and Logical Design, Proceedings of the Fourth Annual Symposium on},
	Date-Added = {2014-10-21 18:12:42 +0000},
	Date-Modified = {2014-10-22 13:40:55 +0000},
	Doi = {10.1109/SWCT.1963.8},
	Keywords = {Seminal},
	Month = {Oct},
	Pages = {3-16},
	Title = {Infinite Sequences and Finite Machines},
	Year = {1963},
	Bdsk-File-1 = {YnBsaXN0MDDUAQIDBAUGJCVYJHZlcnNpb25YJG9iamVjdHNZJGFyY2hpdmVyVCR0b3ASAAGGoKgHCBMUFRYaIVUkbnVsbNMJCgsMDxJXTlMua2V5c1pOUy5vYmplY3RzViRjbGFzc6INDoACgAOiEBGABIAFgAdccmVsYXRpdmVQYXRoWWFsaWFzRGF0YV8QE3BkZi8xOTYzX211bGxlci5wZGbSFwsYGVdOUy5kYXRhTxEBsAAAAAABsAACAAAMTWFjaW50b3NoIEhEAAAAAAAAAAAAAAAAAAAAzhRNMkgrAAABIEroDzE5NjNfbXVsbGVyLnBkZgAAAAAAAAAAAAAAAAAAAAAAAAAAAAAAAAAAAAAAAAAAAAAAAAAAAAAAAAAAAAAAAAEgT2PPXI9sAAAAAAAAAAAAAQADAAAJIAAAAAAAAAAAAAAAAAAAAANwZGYAABAACAAAzhQxEgAAABEACAAAz1yBXAAAAAEAGAEgSugAezTfAHpTeAAFwP4ABcCQAAISKQACAEtNYWNpbnRvc2ggSEQ6VXNlcnM6AGR3OgBEZXNrdG9wOgB0aGVzaXM6AGJpYmxpb2dyYXBoeToAcGRmOgAxOTYzX211bGxlci5wZGYAAA4AIAAPADEAOQA2ADMAXwBtAHUAbABsAGUAcgAuAHAAZABmAA8AGgAMAE0AYQBjAGkAbgB0AG8AcwBoACAASABEABIAOFVzZXJzL2R3L0Rlc2t0b3AvdGhlc2lzL2JpYmxpb2dyYXBoeS9wZGYvMTk2M19tdWxsZXIucGRmABMAAS8AABUAAgAJ//8AAIAG0hscHR5aJGNsYXNzbmFtZVgkY2xhc3Nlc11OU011dGFibGVEYXRhox0fIFZOU0RhdGFYTlNPYmplY3TSGxwiI1xOU0RpY3Rpb25hcnmiIiBfEA9OU0tleWVkQXJjaGl2ZXLRJidUcm9vdIABAAgAEQAaACMALQAyADcAQABGAE0AVQBgAGcAagBsAG4AcQBzAHUAdwCEAI4ApACpALECZQJnAmwCdwKAAo4CkgKZAqICpwK0ArcCyQLMAtEAAAAAAAACAQAAAAAAAAAoAAAAAAAAAAAAAAAAAAAC0w==}}

@incollection{Thomas:1991,
	Acmid = {114895},
	Address = {Cambridge, MA, USA},
	Annote = {- Proof that NBW are closed under complementation, p. 6
- Proof that DBW are not closed under complementation, p. 15
- Proof that NBW and DMW (deterministic Muller automata) are equivalent (Mc Naughton's Theorem), p. 16
- Proof that Rabin automata are equivalent to Muller automata, p. 17},
	Author = {Thomas, Wolfgang},
	Booktitle = {Handbook of Theoretical Computer Science (Vol. B)},
	Chapter = {Automata on Infinite Objects},
	Date-Added = {2014-10-21 18:04:44 +0000},
	Date-Modified = {2014-10-22 13:13:18 +0000},
	Editor = {van Leeuwen, Jan},
	Isbn = {0-444-88074-7},
	Keywords = {Proof},
	Numpages = {59},
	Pages = {133--191},
	Publisher = {MIT Press},
	Title = {Automata on Infinite Objects},
	Url = {http://dl.acm.org/citation.cfm?id=114891.114895},
	Year = {1990},
	Bdsk-File-1 = {YnBsaXN0MDDUAQIDBAUGJCVYJHZlcnNpb25YJG9iamVjdHNZJGFyY2hpdmVyVCR0b3ASAAGGoKgHCBMUFRYaIVUkbnVsbNMJCgsMDxJXTlMua2V5c1pOUy5vYmplY3RzViRjbGFzc6INDoACgAOiEBGABIAFgAdccmVsYXRpdmVQYXRoWWFsaWFzRGF0YV8QE3BkZi8xOTkwX3Rob21hcy5wZGbSFwsYGVdOUy5kYXRhTxEBsAAAAAABsAACAAAMTWFjaW50b3NoIEhEAAAAAAAAAAAAAAAAAAAAzhRNMkgrAAABIEroDzE5OTBfdGhvbWFzLnBkZgAAAAAAAAAAAAAAAAAAAAAAAAAAAAAAAAAAAAAAAAAAAAAAAAAAAAAAAAAAAAAAAAEgRGLPUiQXAAAAAAAAAAAAAQADAAAJIAAAAAAAAAAAAAAAAAAAAANwZGYAABAACAAAzhQxEgAAABEACAAAz1IWBwAAAAEAGAEgSugAezTfAHpTeAAFwP4ABcCQAAISKQACAEtNYWNpbnRvc2ggSEQ6VXNlcnM6AGR3OgBEZXNrdG9wOgB0aGVzaXM6AGJpYmxpb2dyYXBoeToAcGRmOgAxOTkwX3Rob21hcy5wZGYAAA4AIAAPADEAOQA5ADAAXwB0AGgAbwBtAGEAcwAuAHAAZABmAA8AGgAMAE0AYQBjAGkAbgB0AG8AcwBoACAASABEABIAOFVzZXJzL2R3L0Rlc2t0b3AvdGhlc2lzL2JpYmxpb2dyYXBoeS9wZGYvMTk5MF90aG9tYXMucGRmABMAAS8AABUAAgAJ//8AAIAG0hscHR5aJGNsYXNzbmFtZVgkY2xhc3Nlc11OU011dGFibGVEYXRhox0fIFZOU0RhdGFYTlNPYmplY3TSGxwiI1xOU0RpY3Rpb25hcnmiIiBfEA9OU0tleWVkQXJjaGl2ZXLRJidUcm9vdIABAAgAEQAaACMALQAyADcAQABGAE0AVQBgAGcAagBsAG4AcQBzAHUAdwCEAI4ApACpALECZQJnAmwCdwKAAo4CkgKZAqICpwK0ArcCyQLMAtEAAAAAAAACAQAAAAAAAAAoAAAAAAAAAAAAAAAAAAAC0w==}}

@article{fogarty2013unifying,
	Annote = {Converting the slice-based approach to a rank-based one},
	Author = {Fogarty, Seth J and Kupferman, Orna and Wilke, Thomas and Vardi, Moshe Y},
	Date-Added = {2014-10-21 17:54:55 +0000},
	Date-Modified = {2014-10-22 15:44:11 +0000},
	Journal = {Logical Methods in Computer Science},
	Keywords = {Construction, Slice-based},
	Number = {1},
	Title = {Unifying B{\"u}chi Complementation Constructions},
	Volume = {9},
	Year = {2013},
	Bdsk-File-1 = {YnBsaXN0MDDUAQIDBAUGJCVYJHZlcnNpb25YJG9iamVjdHNZJGFyY2hpdmVyVCR0b3ASAAGGoKgHCBMUFRYaIVUkbnVsbNMJCgsMDxJXTlMua2V5c1pOUy5vYmplY3RzViRjbGFzc6INDoACgAOiEBGABIAFgAdccmVsYXRpdmVQYXRoWWFsaWFzRGF0YV8QFHBkZi8yMDEzX2ZvZ2FydHkucGRm0hcLGBlXTlMuZGF0YU8RAbQAAAAAAbQAAgAADE1hY2ludG9zaCBIRAAAAAAAAAAAAAAAAAAAAM4UTTJIKwAAASBK6BAyMDEzX2ZvZ2FydHkucGRmAAAAAAAAAAAAAAAAAAAAAAAAAAAAAAAAAAAAAAAAAAAAAAAAAAAAAAAAAAAAAAAA4Qxgz/lkQwAAAAAAAAAAAAEAAwAACSAAAAAAAAAAAAAAAAAAAAADcGRmAAAQAAgAAM4UMRIAAAARAAgAAM/5SCMAAAABABgBIEroAHs03wB6U3gABcD+AAXAkAACEikAAgBMTWFjaW50b3NoIEhEOlVzZXJzOgBkdzoARGVza3RvcDoAdGhlc2lzOgBiaWJsaW9ncmFwaHk6AHBkZjoAMjAxM19mb2dhcnR5LnBkZgAOACIAEAAyADAAMQAzAF8AZgBvAGcAYQByAHQAeQAuAHAAZABmAA8AGgAMAE0AYQBjAGkAbgB0AG8AcwBoACAASABEABIAOVVzZXJzL2R3L0Rlc2t0b3AvdGhlc2lzL2JpYmxpb2dyYXBoeS9wZGYvMjAxM19mb2dhcnR5LnBkZgAAEwABLwAAFQACAAn//wAAgAbSGxwdHlokY2xhc3NuYW1lWCRjbGFzc2VzXU5TTXV0YWJsZURhdGGjHR8gVk5TRGF0YVhOU09iamVjdNIbHCIjXE5TRGljdGlvbmFyeaIiIF8QD05TS2V5ZWRBcmNoaXZlctEmJ1Ryb290gAEACAARABoAIwAtADIANwBAAEYATQBVAGAAZwBqAGwAbgBxAHMAdQB3AIQAjgClAKoAsgJqAmwCcQJ8AoUCkwKXAp4CpwKsArkCvALOAtEC1gAAAAAAAAIBAAAAAAAAACgAAAAAAAAAAAAAAAAAAALY}}

@incollection{2007_vardi,
	Author = {Vardi, MosheY.},
	Booktitle = {STACS 2007},
	Date-Added = {2014-10-21 17:50:44 +0000},
	Date-Modified = {2014-10-22 11:06:13 +0000},
	Doi = {10.1007/978-3-540-70918-3_2},
	Editor = {Thomas, Wolfgang and Weil, Pascal},
	Isbn = {978-3-540-70917-6},
	Keywords = {Chrono},
	Language = {English},
	Pages = {12-22},
	Publisher = {Springer Berlin Heidelberg},
	Series = {Lecture Notes in Computer Science},
	Title = {The B{\"u}chi Complementation Saga},
	Url = {http://dx.doi.org/10.1007/978-3-540-70918-3_2},
	Volume = {4393},
	Year = {2007},
	Bdsk-File-1 = {YnBsaXN0MDDUAQIDBAUGJCVYJHZlcnNpb25YJG9iamVjdHNZJGFyY2hpdmVyVCR0b3ASAAGGoKgHCBMUFRYaIVUkbnVsbNMJCgsMDxJXTlMua2V5c1pOUy5vYmplY3RzViRjbGFzc6INDoACgAOiEBGABIAFgAdccmVsYXRpdmVQYXRoWWFsaWFzRGF0YV8QJ3BkZi8yMDA3X3ZhcmRpX2NvbXBsZW1lbnRhdGlvbl9zYWdhLnBkZtIXCxgZV05TLmRhdGFPEQH8AAAAAAH8AAIAAAxNYWNpbnRvc2ggSEQAAAAAAAAAAAAAAAAAAADOFE0ySCsAAAEgSugfMjAwN192YXJkaV9jb21wbGVtZW4jRTEwRDY5LnBkZgAAAAAAAAAAAAAAAAAAAAAAAAAAAAAAAAAAAAAAAAAAAOENac9SP60AAAAAAAAAAAABAAMAAAkgAAAAAAAAAAAAAAAAAAAAA3BkZgAAEAAIAADOFDESAAAAEQAIAADPUjGdAAAAAQAYASBK6AB7NN8AelN4AAXA/gAFwJAAAhIpAAIAW01hY2ludG9zaCBIRDpVc2VyczoAZHc6AERlc2t0b3A6AHRoZXNpczoAYmlibGlvZ3JhcGh5OgBwZGY6ADIwMDdfdmFyZGlfY29tcGxlbWVuI0UxMEQ2OS5wZGYAAA4ASAAjADIAMAAwADcAXwB2AGEAcgBkAGkAXwBjAG8AbQBwAGwAZQBtAGUAbgB0AGEAdABpAG8AbgBfAHMAYQBnAGEALgBwAGQAZgAPABoADABNAGEAYwBpAG4AdABvAHMAaAAgAEgARAASAExVc2Vycy9kdy9EZXNrdG9wL3RoZXNpcy9iaWJsaW9ncmFwaHkvcGRmLzIwMDdfdmFyZGlfY29tcGxlbWVudGF0aW9uX3NhZ2EucGRmABMAAS8AABUAAgAJ//8AAIAG0hscHR5aJGNsYXNzbmFtZVgkY2xhc3Nlc11OU011dGFibGVEYXRhox0fIFZOU0RhdGFYTlNPYmplY3TSGxwiI1xOU0RpY3Rpb25hcnmiIiBfEA9OU0tleWVkQXJjaGl2ZXLRJidUcm9vdIABAAgAEQAaACMALQAyADcAQABGAE0AVQBgAGcAagBsAG4AcQBzAHUAdwCEAI4AuAC9AMUCxQLHAswC1wLgAu4C8gL5AwIDBwMUAxcDKQMsAzEAAAAAAAACAQAAAAAAAAAoAAAAAAAAAAAAAAAAAAADMw==}}

@incollection{2010_tsai,
	Author = {Tsai, Ming-Hsien and Fogarty, Seth and Vardi, MosheY. and Tsay, Yih-Kuen},
	Booktitle = {Implementation and Application of Automata},
	Date-Added = {2014-10-21 17:46:31 +0000},
	Date-Modified = {2014-10-22 11:06:14 +0000},
	Doi = {10.1007/978-3-642-18098-9_28},
	Editor = {Domaratzki, Michael and Salomaa, Kai},
	Isbn = {978-3-642-18097-2},
	Keywords = {Experimental, GOAL, Chrono},
	Language = {English},
	Pages = {261-271},
	Publisher = {Springer Berlin Heidelberg},
	Series = {Lecture Notes in Computer Science},
	Title = {State of B{\"u}chi Complementation},
	Url = {http://dx.doi.org/10.1007/978-3-642-18098-9_28},
	Volume = {6482},
	Year = {2011},
	Bdsk-File-1 = {YnBsaXN0MDDUAQIDBAUGJCVYJHZlcnNpb25YJG9iamVjdHNZJGFyY2hpdmVyVCR0b3ASAAGGoKgHCBMUFRYaIVUkbnVsbNMJCgsMDxJXTlMua2V5c1pOUy5vYmplY3RzViRjbGFzc6INDoACgAOiEBGABIAFgAdccmVsYXRpdmVQYXRoWWFsaWFzRGF0YV8QEXBkZi8yMDExX3RzYWkucGRm0hcLGBlXTlMuZGF0YU8RAagAAAAAAagAAgAADE1hY2ludG9zaCBIRAAAAAAAAAAAAAAAAAAAAM4UTTJIKwAAASBK6A0yMDExX3RzYWkucGRmAAAAAAAAAAAAAAAAAAAAAAAAAAAAAAAAAAAAAAAAAAAAAAAAAAAAAAAAAAAAAAAAAAABH9yy0DsaYgAAAAAAAAAAAAEAAwAACSAAAAAAAAAAAAAAAAAAAAADcGRmAAAQAAgAAM4UMRIAAAARAAgAANA6/kIAAAABABgBIEroAHs03wB6U3gABcD+AAXAkAACEikAAgBJTWFjaW50b3NoIEhEOlVzZXJzOgBkdzoARGVza3RvcDoAdGhlc2lzOgBiaWJsaW9ncmFwaHk6AHBkZjoAMjAxMV90c2FpLnBkZgAADgAcAA0AMgAwADEAMQBfAHQAcwBhAGkALgBwAGQAZgAPABoADABNAGEAYwBpAG4AdABvAHMAaAAgAEgARAASADZVc2Vycy9kdy9EZXNrdG9wL3RoZXNpcy9iaWJsaW9ncmFwaHkvcGRmLzIwMTFfdHNhaS5wZGYAEwABLwAAFQACAAn//wAAgAbSGxwdHlokY2xhc3NuYW1lWCRjbGFzc2VzXU5TTXV0YWJsZURhdGGjHR8gVk5TRGF0YVhOU09iamVjdNIbHCIjXE5TRGljdGlvbmFyeaIiIF8QD05TS2V5ZWRBcmNoaXZlctEmJ1Ryb290gAEACAARABoAIwAtADIANwBAAEYATQBVAGAAZwBqAGwAbgBxAHMAdQB3AIQAjgCiAKcArwJbAl0CYgJtAnYChAKIAo8CmAKdAqoCrQK/AsICxwAAAAAAAAIBAAAAAAAAACgAAAAAAAAAAAAAAAAAAALJ},
	Bdsk-File-2 = {YnBsaXN0MDDUAQIDBAUGJCVYJHZlcnNpb25YJG9iamVjdHNZJGFyY2hpdmVyVCR0b3ASAAGGoKgHCBMUFRYaIVUkbnVsbNMJCgsMDxJXTlMua2V5c1pOUy5vYmplY3RzViRjbGFzc6INDoACgAOiEBGABIAFgAdccmVsYXRpdmVQYXRoWWFsaWFzRGF0YV8QHnBkZi8yMDExX3RzYWlfZnVsbF92ZXJzaW9uLnBkZtIXCxgZV05TLmRhdGFPEQHcAAAAAAHcAAIAAAxNYWNpbnRvc2ggSEQAAAAAAAAAAAAAAAAAAADOFE0ySCsAAAEgSugaMjAxMV90c2FpX2Z1bGxfdmVyc2lvbi5wZGYAAAAAAAAAAAAAAAAAAAAAAAAAAAAAAAAAAAAAAAAAAAAAAAAAAO6XftANQtkAAAAAAAAAAAABAAMAAAkgAAAAAAAAAAAAAAAAAAAAA3BkZgAAEAAIAADOFDESAAAAEQAIAADQDSa5AAAAAQAYASBK6AB7NN8AelN4AAXA/gAFwJAAAhIpAAIAVk1hY2ludG9zaCBIRDpVc2VyczoAZHc6AERlc2t0b3A6AHRoZXNpczoAYmlibGlvZ3JhcGh5OgBwZGY6ADIwMTFfdHNhaV9mdWxsX3ZlcnNpb24ucGRmAA4ANgAaADIAMAAxADEAXwB0AHMAYQBpAF8AZgB1AGwAbABfAHYAZQByAHMAaQBvAG4ALgBwAGQAZgAPABoADABNAGEAYwBpAG4AdABvAHMAaAAgAEgARAASAENVc2Vycy9kdy9EZXNrdG9wL3RoZXNpcy9iaWJsaW9ncmFwaHkvcGRmLzIwMTFfdHNhaV9mdWxsX3ZlcnNpb24ucGRmAAATAAEvAAAVAAIACf//AACABtIbHB0eWiRjbGFzc25hbWVYJGNsYXNzZXNdTlNNdXRhYmxlRGF0YaMdHyBWTlNEYXRhWE5TT2JqZWN00hscIiNcTlNEaWN0aW9uYXJ5oiIgXxAPTlNLZXllZEFyY2hpdmVy0SYnVHJvb3SAAQAIABEAGgAjAC0AMgA3AEAARgBNAFUAYABnAGoAbABuAHEAcwB1AHcAhACOAK8AtAC8ApwCngKjAq4CtwLFAskC0ALZAt4C6wLuAwADAwMIAAAAAAAAAgEAAAAAAAAAKAAAAAAAAAAAAAAAAAAAAwo=}}

@article{niessner1997deterministic,
	Author = {Nie{\ss}ner, Frank and Nitsche, Ulrich and Ochsenschl{\"a}ger, Peter},
	Date-Added = {2014-10-21 17:45:16 +0000},
	Date-Modified = {2014-10-22 11:06:13 +0000},
	Keywords = {Nitsche},
	Publisher = {Citeseer},
	Title = {Deterministic Omega-Regular Liveness Properties},
	Year = {1997},
	Bdsk-File-1 = {YnBsaXN0MDDUAQIDBAUGJCVYJHZlcnNpb25YJG9iamVjdHNZJGFyY2hpdmVyVCR0b3ASAAGGoKgHCBMUFRYaIVUkbnVsbNMJCgsMDxJXTlMua2V5c1pOUy5vYmplY3RzViRjbGFzc6INDoACgAOiEBGABIAFgAdccmVsYXRpdmVQYXRoWWFsaWFzRGF0YV8QHXBkZi8xOTk3X25pZXNzbmVyX25pdHNjaGUucGRm0hcLGBlXTlMuZGF0YU8RAdgAAAAAAdgAAgAADE1hY2ludG9zaCBIRAAAAAAAAAAAAAAAAAAAAM4UTTJIKwAAASBK6BkxOTk3X25pZXNzbmVyX25pdHNjaGUucGRmAAAAAAAAAAAAAAAAAAAAAAAAAAAAAAAAAAAAAAAAAAAAAAAAAAABIER7z2HDhAAAAAAAAAAAAAEAAwAACSAAAAAAAAAAAAAAAAAAAAADcGRmAAAQAAgAAM4UMRIAAAARAAgAAM9hp2QAAAABABgBIEroAHs03wB6U3gABcD+AAXAkAACEikAAgBVTWFjaW50b3NoIEhEOlVzZXJzOgBkdzoARGVza3RvcDoAdGhlc2lzOgBiaWJsaW9ncmFwaHk6AHBkZjoAMTk5N19uaWVzc25lcl9uaXRzY2hlLnBkZgAADgA0ABkAMQA5ADkANwBfAG4AaQBlAHMAcwBuAGUAcgBfAG4AaQB0AHMAYwBoAGUALgBwAGQAZgAPABoADABNAGEAYwBpAG4AdABvAHMAaAAgAEgARAASAEJVc2Vycy9kdy9EZXNrdG9wL3RoZXNpcy9iaWJsaW9ncmFwaHkvcGRmLzE5OTdfbmllc3NuZXJfbml0c2NoZS5wZGYAEwABLwAAFQACAAn//wAAgAbSGxwdHlokY2xhc3NuYW1lWCRjbGFzc2VzXU5TTXV0YWJsZURhdGGjHR8gVk5TRGF0YVhOU09iamVjdNIbHCIjXE5TRGljdGlvbmFyeaIiIF8QD05TS2V5ZWRBcmNoaXZlctEmJ1Ryb290gAEACAARABoAIwAtADIANwBAAEYATQBVAGAAZwBqAGwAbgBxAHMAdQB3AIQAjgCuALMAuwKXApkCngKpArICwALEAssC1ALZAuYC6QL7Av4DAwAAAAAAAAIBAAAAAAAAACgAAAAAAAAAAAAAAAAAAAMF}}

@article{UltesNitsche2007107,
	Author = {Ulrich Ultes-Nitsche},
	Date-Added = {2014-10-21 17:41:50 +0000},
	Date-Modified = {2014-10-22 11:06:13 +0000},
	Doi = {http://dx.doi.org/10.1016/j.ipl.2006.08.014},
	Issn = {0020-0190},
	Journal = {Information Processing Letters},
	Keywords = {Nitsche},
	Number = {3},
	Pages = {107 - 111},
	Title = {A Power-Set Construction for Reducing B{\"u}chi Automata to Non-Determinism Degree Two},
	Url = {http://www.sciencedirect.com/science/article/pii/S0020019006002729},
	Volume = {101},
	Year = {2007},
	Bdsk-File-1 = {YnBsaXN0MDDUAQIDBAUGJCVYJHZlcnNpb25YJG9iamVjdHNZJGFyY2hpdmVyVCR0b3ASAAGGoKgHCBMUFRYaIVUkbnVsbNMJCgsMDxJXTlMua2V5c1pOUy5vYmplY3RzViRjbGFzc6INDoACgAOiEBGABIAFgAdccmVsYXRpdmVQYXRoWWFsaWFzRGF0YV8QFHBkZi8yMDA2X25pdHNjaGUucGRm0hcLGBlXTlMuZGF0YU8RAbQAAAAAAbQAAgAADE1hY2ludG9zaCBIRAAAAAAAAAAAAAAAAAAAAM4UTTJIKwAAASBK6BAyMDA2X25pdHNjaGUucGRmAAAAAAAAAAAAAAAAAAAAAAAAAAAAAAAAAAAAAAAAAAAAAAAAAAAAAAAAAAAAAAAAhChlz1xnEQAAAAAAAAAAAAEAAwAACSAAAAAAAAAAAAAAAAAAAAADcGRmAAAQAAgAAM4UMRIAAAARAAgAAM9cWQEAAAABABgBIEroAHs03wB6U3gABcD+AAXAkAACEikAAgBMTWFjaW50b3NoIEhEOlVzZXJzOgBkdzoARGVza3RvcDoAdGhlc2lzOgBiaWJsaW9ncmFwaHk6AHBkZjoAMjAwNl9uaXRzY2hlLnBkZgAOACIAEAAyADAAMAA2AF8AbgBpAHQAcwBjAGgAZQAuAHAAZABmAA8AGgAMAE0AYQBjAGkAbgB0AG8AcwBoACAASABEABIAOVVzZXJzL2R3L0Rlc2t0b3AvdGhlc2lzL2JpYmxpb2dyYXBoeS9wZGYvMjAwNl9uaXRzY2hlLnBkZgAAEwABLwAAFQACAAn//wAAgAbSGxwdHlokY2xhc3NuYW1lWCRjbGFzc2VzXU5TTXV0YWJsZURhdGGjHR8gVk5TRGF0YVhOU09iamVjdNIbHCIjXE5TRGljdGlvbmFyeaIiIF8QD05TS2V5ZWRBcmNoaXZlctEmJ1Ryb290gAEACAARABoAIwAtADIANwBAAEYATQBVAGAAZwBqAGwAbgBxAHMAdQB3AIQAjgClAKoAsgJqAmwCcQJ8AoUCkwKXAp4CpwKsArkCvALOAtEC1gAAAAAAAAIBAAAAAAAAACgAAAAAAAAAAAAAAAAAAALY}}

@inproceedings{vardi2005buchi,
	Author = {Vardi, Moshe Y},
	Booktitle = {5th symposium on Atomic Level Characterizations (ALC'05)},
	Date-Added = {2014-10-21 17:36:48 +0000},
	Date-Modified = {2014-10-22 11:06:13 +0000},
	Keywords = {Chrono},
	Title = {Buchi Complementation: A Forty-Year Saga},
	Year = {2005},
	Bdsk-File-1 = {YnBsaXN0MDDUAQIDBAUGJCVYJHZlcnNpb25YJG9iamVjdHNZJGFyY2hpdmVyVCR0b3ASAAGGoKgHCBMUFRYaIVUkbnVsbNMJCgsMDxJXTlMua2V5c1pOUy5vYmplY3RzViRjbGFzc6INDoACgAOiEBGABIAFgAdccmVsYXRpdmVQYXRoWWFsaWFzRGF0YV8QIHBkZi8yMDA1X3ZhcmRpX3NhZ2FfYWJzdHJhY3QucGRm0hcLGBlXTlMuZGF0YU8RAeQAAAAAAeQAAgAADE1hY2ludG9zaCBIRAAAAAAAAAAAAAAAAAAAAM4UTTJIKwAAASBK6BwyMDA1X3ZhcmRpX3NhZ2FfYWJzdHJhY3QucGRmAAAAAAAAAAAAAAAAAAAAAAAAAAAAAAAAAAAAAAAAAAAAAAABIEKg0GxBWgAAAAAAAAAAAAEAAwAACSAAAAAAAAAAAAAAAAAAAAADcGRmAAAQAAgAAM4UMRIAAAARAAgAANBsJToAAAABABgBIEroAHs03wB6U3gABcD+AAXAkAACEikAAgBYTWFjaW50b3NoIEhEOlVzZXJzOgBkdzoARGVza3RvcDoAdGhlc2lzOgBiaWJsaW9ncmFwaHk6AHBkZjoAMjAwNV92YXJkaV9zYWdhX2Fic3RyYWN0LnBkZgAOADoAHAAyADAAMAA1AF8AdgBhAHIAZABpAF8AcwBhAGcAYQBfAGEAYgBzAHQAcgBhAGMAdAAuAHAAZABmAA8AGgAMAE0AYQBjAGkAbgB0AG8AcwBoACAASABEABIARVVzZXJzL2R3L0Rlc2t0b3AvdGhlc2lzL2JpYmxpb2dyYXBoeS9wZGYvMjAwNV92YXJkaV9zYWdhX2Fic3RyYWN0LnBkZgAAEwABLwAAFQACAAn//wAAgAbSGxwdHlokY2xhc3NuYW1lWCRjbGFzc2VzXU5TTXV0YWJsZURhdGGjHR8gVk5TRGF0YVhOU09iamVjdNIbHCIjXE5TRGljdGlvbmFyeaIiIF8QD05TS2V5ZWRBcmNoaXZlctEmJ1Ryb290gAEACAARABoAIwAtADIANwBAAEYATQBVAGAAZwBqAGwAbgBxAHMAdQB3AIQAjgCxALYAvgKmAqgCrQK4AsECzwLTAtoC4wLoAvUC+AMKAw0DEgAAAAAAAAIBAAAAAAAAACgAAAAAAAAAAAAAAAAAAAMU}}

@article{klein2005linear,
	Author = {Klein, Joachim},
	Date-Added = {2014-10-21 17:26:45 +0000},
	Date-Modified = {2014-10-22 18:42:26 +0000},
	Journal = {Master's thesis, Universit{\"a}t Bonn},
	Keywords = {About Safra, Experimental},
	Title = {Linear Time Logic and Deterministic Omega-Automata},
	Year = {2005},
	Bdsk-File-1 = {YnBsaXN0MDDUAQIDBAUGJCVYJHZlcnNpb25YJG9iamVjdHNZJGFyY2hpdmVyVCR0b3ASAAGGoKgHCBMUFRYaIVUkbnVsbNMJCgsMDxJXTlMua2V5c1pOUy5vYmplY3RzViRjbGFzc6INDoACgAOiEBGABIAFgAdccmVsYXRpdmVQYXRoWWFsaWFzRGF0YV8QFnBkZi8yMDA1X2tsZWluX21zYy5wZGbSFwsYGVdOUy5kYXRhTxEBvAAAAAABvAACAAAMTWFjaW50b3NoIEhEAAAAAAAAAAAAAAAAAAAAzhRNMkgrAAABIEroEjIwMDVfa2xlaW5fbXNjLnBkZgAAAAAAAAAAAAAAAAAAAAAAAAAAAAAAAAAAAAAAAAAAAAAAAAAAAAAAAAAAAAEgKi7QbB+yAAAAAAAAAAAAAQADAAAJIAAAAAAAAAAAAAAAAAAAAANwZGYAABAACAAAzhQxEgAAABEACAAA0GwDkgAAAAEAGAEgSugAezTfAHpTeAAFwP4ABcCQAAISKQACAE5NYWNpbnRvc2ggSEQ6VXNlcnM6AGR3OgBEZXNrdG9wOgB0aGVzaXM6AGJpYmxpb2dyYXBoeToAcGRmOgAyMDA1X2tsZWluX21zYy5wZGYADgAmABIAMgAwADAANQBfAGsAbABlAGkAbgBfAG0AcwBjAC4AcABkAGYADwAaAAwATQBhAGMAaQBuAHQAbwBzAGgAIABIAEQAEgA7VXNlcnMvZHcvRGVza3RvcC90aGVzaXMvYmlibGlvZ3JhcGh5L3BkZi8yMDA1X2tsZWluX21zYy5wZGYAABMAAS8AABUAAgAJ//8AAIAG0hscHR5aJGNsYXNzbmFtZVgkY2xhc3Nlc11OU011dGFibGVEYXRhox0fIFZOU0RhdGFYTlNPYmplY3TSGxwiI1xOU0RpY3Rpb25hcnmiIiBfEA9OU0tleWVkQXJjaGl2ZXLRJidUcm9vdIABAAgAEQAaACMALQAyADcAQABGAE0AVQBgAGcAagBsAG4AcQBzAHUAdwCEAI4ApwCsALQCdAJ2AnsChgKPAp0CoQKoArECtgLDAsYC2ALbAuAAAAAAAAACAQAAAAAAAAAoAAAAAAAAAAAAAAAAAAAC4g==}}

@incollection{2002_roggenbach,
	Annote = {- Proof that DBW are less expressive than NBW
- Analysis of the Safra construction},
	Author = {Roggenbach, Markus},
	Booktitle = {Automata Logics, and Infinite Games},
	Date-Added = {2014-10-21 17:26:43 +0000},
	Date-Modified = {2014-10-22 15:50:41 +0000},
	Doi = {10.1007/3-540-36387-4_3},
	Editor = {Gr{\"a}del, Erich and Thomas, Wolfgang and Wilke, Thomas},
	Isbn = {978-3-540-00388-5},
	Keywords = {About Safra, Proof},
	Language = {English},
	Pages = {43-60},
	Publisher = {Springer Berlin Heidelberg},
	Series = {Lecture Notes in Computer Science},
	Title = {Determinization of B{\"u}chi-Automata},
	Url = {http://dx.doi.org/10.1007/3-540-36387-4_3},
	Volume = {2500},
	Year = {2002},
	Bdsk-File-1 = {YnBsaXN0MDDUAQIDBAUGJCVYJHZlcnNpb25YJG9iamVjdHNZJGFyY2hpdmVyVCR0b3ASAAGGoKgHCBMUFRYaIVUkbnVsbNMJCgsMDxJXTlMua2V5c1pOUy5vYmplY3RzViRjbGFzc6INDoACgAOiEBGABIAFgAdccmVsYXRpdmVQYXRoWWFsaWFzRGF0YV8QF3BkZi8yMDAyX3JvZ2dlbmJhY2gucGRm0hcLGBlXTlMuZGF0YU8RAcAAAAAAAcAAAgAADE1hY2ludG9zaCBIRAAAAAAAAAAAAAAAAAAAAM4UTTJIKwAAASBK6BMyMDAyX3JvZ2dlbmJhY2gucGRmAAAAAAAAAAAAAAAAAAAAAAAAAAAAAAAAAAAAAAAAAAAAAAAAAAAAAAAAAAABID/Az2tGSwAAAAAAAAAAAAEAAwAACSAAAAAAAAAAAAAAAAAAAAADcGRmAAAQAAgAAM4UMRIAAAARAAgAAM9rKisAAAABABgBIEroAHs03wB6U3gABcD+AAXAkAACEikAAgBPTWFjaW50b3NoIEhEOlVzZXJzOgBkdzoARGVza3RvcDoAdGhlc2lzOgBiaWJsaW9ncmFwaHk6AHBkZjoAMjAwMl9yb2dnZW5iYWNoLnBkZgAADgAoABMAMgAwADAAMgBfAHIAbwBnAGcAZQBuAGIAYQBjAGgALgBwAGQAZgAPABoADABNAGEAYwBpAG4AdABvAHMAaAAgAEgARAASADxVc2Vycy9kdy9EZXNrdG9wL3RoZXNpcy9iaWJsaW9ncmFwaHkvcGRmLzIwMDJfcm9nZ2VuYmFjaC5wZGYAEwABLwAAFQACAAn//wAAgAbSGxwdHlokY2xhc3NuYW1lWCRjbGFzc2VzXU5TTXV0YWJsZURhdGGjHR8gVk5TRGF0YVhOU09iamVjdNIbHCIjXE5TRGljdGlvbmFyeaIiIF8QD05TS2V5ZWRBcmNoaXZlctEmJ1Ryb290gAEACAARABoAIwAtADIANwBAAEYATQBVAGAAZwBqAGwAbgBxAHMAdQB3AIQAjgCoAK0AtQJ5AnsCgAKLApQCogKmAq0CtgK7AsgCywLdAuAC5QAAAAAAAAIBAAAAAAAAACgAAAAAAAAAAAAAAAAAAALn}}

@incollection{2006_althoff,
	Annote = {Compares the Safra with the Muller-Schupp construction

Optimisation for Muller-Schupp

Implementation and experimental comparison of the different constructions

According to the GOAL API:
In the Safra construction: after evolution of the Safra trees, the steps of computing successors and creating sons are exchanged in this version of the Safra construction, as compared to the original Safra construction.
This small change is present in GOAL as "modifiedsafra".
Anyway, the only difference in GOAL between safra and modifiedsafra is the exchange of these two steps.},
	Author = {Althoff, ChristophSchulte and Thomas, Wolfgang and Wallmeier, Nico},
	Booktitle = {Implementation and Application of Automata},
	Date-Added = {2014-10-21 17:26:42 +0000},
	Date-Modified = {2014-10-22 17:24:36 +0000},
	Doi = {10.1007/11605157_22},
	Editor = {Farr{\'e}, Jacques and Litovsky, Igor and Schmitz, Sylvain},
	Isbn = {978-3-540-31023-5},
	Keywords = {About Safra, Muller-Schupp, Experimental},
	Language = {English},
	Pages = {262-272},
	Publisher = {Springer Berlin Heidelberg},
	Series = {Lecture Notes in Computer Science},
	Title = {Observations on Determinization of B{\"u}chi Automata},
	Url = {http://dx.doi.org/10.1007/11605157_22},
	Volume = {3845},
	Year = {2006},
	Bdsk-File-1 = {YnBsaXN0MDDUAQIDBAUGJCVYJHZlcnNpb25YJG9iamVjdHNZJGFyY2hpdmVyVCR0b3ASAAGGoKgHCBMUFRYaIVUkbnVsbNMJCgsMDxJXTlMua2V5c1pOUy5vYmplY3RzViRjbGFzc6INDoACgAOiEBGABIAFgAdccmVsYXRpdmVQYXRoWWFsaWFzRGF0YV8QFHBkZi8yMDA2X2FsdGhvZmYucGRm0hcLGBlXTlMuZGF0YU8RAbQAAAAAAbQAAgAADE1hY2ludG9zaCBIRAAAAAAAAAAAAAAAAAAAAM4UTTJIKwAAASBK6BAyMDA2X2FsdGhvZmYucGRmAAAAAAAAAAAAAAAAAAAAAAAAAAAAAAAAAAAAAAAAAAAAAAAAAAAAAAAAAAAAAAABIBqK0GwECAAAAAAAAAAAAAEAAwAACSAAAAAAAAAAAAAAAAAAAAADcGRmAAAQAAgAAM4UMRIAAAARAAgAANBr5+gAAAABABgBIEroAHs03wB6U3gABcD+AAXAkAACEikAAgBMTWFjaW50b3NoIEhEOlVzZXJzOgBkdzoARGVza3RvcDoAdGhlc2lzOgBiaWJsaW9ncmFwaHk6AHBkZjoAMjAwNl9hbHRob2ZmLnBkZgAOACIAEAAyADAAMAA2AF8AYQBsAHQAaABvAGYAZgAuAHAAZABmAA8AGgAMAE0AYQBjAGkAbgB0AG8AcwBoACAASABEABIAOVVzZXJzL2R3L0Rlc2t0b3AvdGhlc2lzL2JpYmxpb2dyYXBoeS9wZGYvMjAwNl9hbHRob2ZmLnBkZgAAEwABLwAAFQACAAn//wAAgAbSGxwdHlokY2xhc3NuYW1lWCRjbGFzc2VzXU5TTXV0YWJsZURhdGGjHR8gVk5TRGF0YVhOU09iamVjdNIbHCIjXE5TRGljdGlvbmFyeaIiIF8QD05TS2V5ZWRBcmNoaXZlctEmJ1Ryb290gAEACAARABoAIwAtADIANwBAAEYATQBVAGAAZwBqAGwAbgBxAHMAdQB3AIQAjgClAKoAsgJqAmwCcQJ8AoUCkwKXAp4CpwKsArkCvALOAtEC1gAAAAAAAAIBAAAAAAAAACgAAAAAAAAAAAAAAAAAAALY}}

@incollection{2006_klein,
	Author = {Klein, Joachim and Baier, Christel},
	Booktitle = {Implementation and Application of Automata},
	Date-Added = {2014-10-21 17:26:41 +0000},
	Date-Modified = {2014-10-22 15:51:01 +0000},
	Doi = {10.1007/11605157_17},
	Editor = {Farr{\'e}, Jacques and Litovsky, Igor and Schmitz, Sylvain},
	Isbn = {978-3-540-31023-5},
	Keywords = {About Safra, Experimental},
	Language = {English},
	Pages = {199-212},
	Publisher = {Springer Berlin Heidelberg},
	Series = {Lecture Notes in Computer Science},
	Title = {Experiments with Deterministic {$\omega$}-Automata for Formulas of Linear Temporal Logic},
	Url = {http://dx.doi.org/10.1007/11605157_17},
	Volume = {3845},
	Year = {2006},
	Bdsk-File-1 = {YnBsaXN0MDDUAQIDBAUGJCVYJHZlcnNpb25YJG9iamVjdHNZJGFyY2hpdmVyVCR0b3ASAAGGoKgHCBMUFRYaIVUkbnVsbNMJCgsMDxJXTlMua2V5c1pOUy5vYmplY3RzViRjbGFzc6INDoACgAOiEBGABIAFgAdccmVsYXRpdmVQYXRoWWFsaWFzRGF0YV8QEnBkZi8yMDA2X2tsZWluLnBkZtIXCxgZV05TLmRhdGFPEQGsAAAAAAGsAAIAAAxNYWNpbnRvc2ggSEQAAAAAAAAAAAAAAAAAAADOFE0ySCsAAAEgSugOMjAwNl9rbGVpbi5wZGYAAAAAAAAAAAAAAAAAAAAAAAAAAAAAAAAAAAAAAAAAAAAAAAAAAAAAAAAAAAAAAAAAASAU6tBr+SsAAAAAAAAAAAABAAMAAAkgAAAAAAAAAAAAAAAAAAAAA3BkZgAAEAAIAADOFDESAAAAEQAIAADQa90LAAAAAQAYASBK6AB7NN8AelN4AAXA/gAFwJAAAhIpAAIASk1hY2ludG9zaCBIRDpVc2VyczoAZHc6AERlc2t0b3A6AHRoZXNpczoAYmlibGlvZ3JhcGh5OgBwZGY6ADIwMDZfa2xlaW4ucGRmAA4AHgAOADIAMAAwADYAXwBrAGwAZQBpAG4ALgBwAGQAZgAPABoADABNAGEAYwBpAG4AdABvAHMAaAAgAEgARAASADdVc2Vycy9kdy9EZXNrdG9wL3RoZXNpcy9iaWJsaW9ncmFwaHkvcGRmLzIwMDZfa2xlaW4ucGRmAAATAAEvAAAVAAIACf//AACABtIbHB0eWiRjbGFzc25hbWVYJGNsYXNzZXNdTlNNdXRhYmxlRGF0YaMdHyBWTlNEYXRhWE5TT2JqZWN00hscIiNcTlNEaWN0aW9uYXJ5oiIgXxAPTlNLZXllZEFyY2hpdmVy0SYnVHJvb3SAAQAIABEAGgAjAC0AMgA3AEAARgBNAFUAYABnAGoAbABuAHEAcwB1AHcAhACOAKMAqACwAmACYgJnAnICewKJAo0ClAKdAqICrwKyAsQCxwLMAAAAAAAAAgEAAAAAAAAAKAAAAAAAAAAAAAAAAAAAAs4=}}

@comment{BibDesk Smart Groups{
<?xml version="1.0" encoding="UTF-8"?>
<!DOCTYPE plist PUBLIC "-//Apple//DTD PLIST 1.0//EN" "http://www.apple.com/DTDs/PropertyList-1.0.dtd">
<plist version="1.0">
<array>
	<dict>
		<key>conditions</key>
		<array>
			<dict>
				<key>comparison</key>
				<integer>2</integer>
				<key>key</key>
				<string>Keywords</string>
				<key>value</key>
				<string>Basics</string>
				<key>version</key>
				<string>1</string>
			</dict>
		</array>
		<key>conjunction</key>
		<integer>0</integer>
		<key>group name</key>
		<string>Basics</string>
	</dict>
	<dict>
		<key>conditions</key>
		<array>
			<dict>
				<key>comparison</key>
				<integer>2</integer>
				<key>key</key>
				<string>Keywords</string>
				<key>value</key>
				<string>Construction</string>
				<key>version</key>
				<string>1</string>
			</dict>
			<dict>
				<key>comparison</key>
				<integer>2</integer>
				<key>key</key>
				<string>Keywords</string>
				<key>value</key>
				<string>Ramsey-based</string>
				<key>version</key>
				<string>1</string>
			</dict>
		</array>
		<key>conjunction</key>
		<integer>0</integer>
		<key>group name</key>
		<string>C1: Ramsey-based</string>
	</dict>
	<dict>
		<key>conditions</key>
		<array>
			<dict>
				<key>comparison</key>
				<integer>2</integer>
				<key>key</key>
				<string>Keywords</string>
				<key>value</key>
				<string>Construction</string>
				<key>version</key>
				<string>1</string>
			</dict>
			<dict>
				<key>comparison</key>
				<integer>2</integer>
				<key>key</key>
				<string>Keywords</string>
				<key>value</key>
				<string>Determinisation-based</string>
				<key>version</key>
				<string>1</string>
			</dict>
		</array>
		<key>conjunction</key>
		<integer>0</integer>
		<key>group name</key>
		<string>C2: Determinisation-based</string>
	</dict>
	<dict>
		<key>conditions</key>
		<array>
			<dict>
				<key>comparison</key>
				<integer>2</integer>
				<key>key</key>
				<string>Keywords</string>
				<key>value</key>
				<string>Construction</string>
				<key>version</key>
				<string>1</string>
			</dict>
			<dict>
				<key>comparison</key>
				<integer>2</integer>
				<key>key</key>
				<string>Keywords</string>
				<key>value</key>
				<string>Rank-based</string>
				<key>version</key>
				<string>1</string>
			</dict>
		</array>
		<key>conjunction</key>
		<integer>0</integer>
		<key>group name</key>
		<string>C3: Rank-based</string>
	</dict>
	<dict>
		<key>conditions</key>
		<array>
			<dict>
				<key>comparison</key>
				<integer>2</integer>
				<key>key</key>
				<string>Keywords</string>
				<key>value</key>
				<string>Construction</string>
				<key>version</key>
				<string>1</string>
			</dict>
			<dict>
				<key>comparison</key>
				<integer>2</integer>
				<key>key</key>
				<string>Keywords</string>
				<key>value</key>
				<string>Slice-based</string>
				<key>version</key>
				<string>1</string>
			</dict>
		</array>
		<key>conjunction</key>
		<integer>0</integer>
		<key>group name</key>
		<string>C4: Slice-based</string>
	</dict>
	<dict>
		<key>conditions</key>
		<array>
			<dict>
				<key>comparison</key>
				<integer>2</integer>
				<key>key</key>
				<string>Keywords</string>
				<key>value</key>
				<string>Chrono</string>
				<key>version</key>
				<string>1</string>
			</dict>
		</array>
		<key>conjunction</key>
		<integer>0</integer>
		<key>group name</key>
		<string>Chronology</string>
	</dict>
	<dict>
		<key>conditions</key>
		<array>
			<dict>
				<key>comparison</key>
				<integer>2</integer>
				<key>key</key>
				<string>Keywords</string>
				<key>value</key>
				<string>Bound</string>
				<key>version</key>
				<string>1</string>
			</dict>
		</array>
		<key>conjunction</key>
		<integer>0</integer>
		<key>group name</key>
		<string>Complexity Bounds</string>
	</dict>
	<dict>
		<key>conditions</key>
		<array>
			<dict>
				<key>comparison</key>
				<integer>2</integer>
				<key>key</key>
				<string>Keywords</string>
				<key>value</key>
				<string>Experimental</string>
				<key>version</key>
				<string>1</string>
			</dict>
		</array>
		<key>conjunction</key>
		<integer>0</integer>
		<key>group name</key>
		<string>Experimental</string>
	</dict>
	<dict>
		<key>conditions</key>
		<array>
			<dict>
				<key>comparison</key>
				<integer>2</integer>
				<key>key</key>
				<string>Keywords</string>
				<key>value</key>
				<string>GOAL</string>
				<key>version</key>
				<string>1</string>
			</dict>
		</array>
		<key>conjunction</key>
		<integer>0</integer>
		<key>group name</key>
		<string>GOAL</string>
	</dict>
	<dict>
		<key>conditions</key>
		<array>
			<dict>
				<key>comparison</key>
				<integer>2</integer>
				<key>key</key>
				<string>Keywords</string>
				<key>value</key>
				<string>Model Checking</string>
				<key>version</key>
				<string>1</string>
			</dict>
		</array>
		<key>conjunction</key>
		<integer>0</integer>
		<key>group name</key>
		<string>Model Checking</string>
	</dict>
	<dict>
		<key>conditions</key>
		<array>
			<dict>
				<key>comparison</key>
				<integer>2</integer>
				<key>key</key>
				<string>Keywords</string>
				<key>value</key>
				<string>About Safra</string>
				<key>version</key>
				<string>1</string>
			</dict>
		</array>
		<key>conjunction</key>
		<integer>0</integer>
		<key>group name</key>
		<string>On Safra</string>
	</dict>
	<dict>
		<key>conditions</key>
		<array>
			<dict>
				<key>comparison</key>
				<integer>2</integer>
				<key>key</key>
				<string>Keywords</string>
				<key>value</key>
				<string>Proof</string>
				<key>version</key>
				<string>1</string>
			</dict>
		</array>
		<key>conjunction</key>
		<integer>0</integer>
		<key>group name</key>
		<string>Proofs</string>
	</dict>
	<dict>
		<key>conditions</key>
		<array>
			<dict>
				<key>comparison</key>
				<integer>2</integer>
				<key>key</key>
				<string>Keywords</string>
				<key>value</key>
				<string>Seminal</string>
				<key>version</key>
				<string>1</string>
			</dict>
		</array>
		<key>conjunction</key>
		<integer>0</integer>
		<key>group name</key>
		<string>Seminal</string>
	</dict>
	<dict>
		<key>conditions</key>
		<array>
			<dict>
				<key>comparison</key>
				<integer>2</integer>
				<key>key</key>
				<string>Keywords</string>
				<key>value</key>
				<string>Nitsche</string>
				<key>version</key>
				<string>1</string>
			</dict>
		</array>
		<key>conjunction</key>
		<integer>0</integer>
		<key>group name</key>
		<string>Ultes-Nitsche</string>
	</dict>
</array>
</plist>
}}
